4544 5844
1233 433 1307 518 tt

407 647 596 734 ,ceddam
631 641 694 742 qui
715 663 913 714 mensurum
937 659 1012 710 erac
1039 635 1076 710 in
1105 635 1262 738 seboim,
1297 637 1364 710 ime
1394 648 1448 714 eet
1477 636 1636 744 μέτρον,
1682 640 1843 716 Terentii
1863 655 1899 718 et
1922 643 2050 718 Plauti
2073 627 2136 720 oe·

423 789 618 852 ceterorum
650 773 864 846 comicorum
890 779 923 840 et
944 768 1159 867 trupieorum
1190 793 1335 867 prorsus
1365 771 1559 869 negarent?
1610 770 1726 863 Quem
1760 772 1898 871 quidem
1930 774 2124 848 ridiculum

419 931 571 984 errorem
595 905 745 1002 castigat
768 911 803 974 et
830 899 1036 972 Priscianus
1066 896 1110 972 de
1131 925 1221 974 vers.
1258 897 1435 974 Comicor.
1470 926 1507 999 p.
1532 897 1629 974 410.
1683 902 1832 997 Miror,
1867 906 2037 1004 quosdam
2061 904 2122 978 oei

421 1039 619 1136 abnepore,
647 1058 720 1108 ease
744 1033 782 1106 in
809 1031 970 1104 Terentii
994 1031 1184 1106 comoediis
1206 1040 1340 1122 amun,
1367 1029 1426 1102 oei
1443 1055 1486 1104 en
1516 1033 1621 1132 puori
1648 1023 1783 1108 oreonu
1812 1037 1985 1136 quaedam
2015 1047 2049 1110 et
2070 1037 2117 1110 ob

422 1169 583 1242 omnibus
605 1164 719 1238 doctu
744 1171 877 1236 semoto
892 1161 964 1232 sibi
977 1159 1064 1232 rotis
1085 1185 1158 1234 esre
1171 1161 1313 1260 capuita
1334 1160 1556 1261 confirmare.
1611 1161 1701 1236 vide
1720 1163 1753 1236 F
1760 1164 1841 1237 rid.
1864 1165 2119 1241 Bitschelii

422 1303 467 1374 de
498 1296 686 1374 Veteribus
710 1292 839 1366 Piouti
860 1289 1120 1388 interpretibus
1143 1290 1428 1389 Da'aputotiouem
1451 1319 1487 1390 p.
1506 1290 1548 1366 d.
1601 1293 1694 1366 'l'am
1730 1295 1902 1394 ineptnlos
1936 1297 2118 1396 magistros

422 1456 504 1504 cum
531 1426 585 1502 vel
616 1425 730 1498 minus
754 1447 833 1496 rara
858 1433 967 1496 matra
998 1419 1217 1520 deceperint,
1255 1423 1334 1521 quia
1371 1421 1572 1516 mirabitur,
1610 1422 1807 1500 Charisium
1830 1437 1867 1500 et
1895 1453 1983 1526 qnos
2013 1427 2119 1502 doces

422 1557 564 1650 habuit,
591 1553 760 1630 titubasse
781 1554 819 1624 in
844 1550 1072 1624 diiudicandis
1098 1550 1285 1650 lyricorum
1307 1553 1586 1653 tragicorumque
1610 1558 1760 1630 numeris
1779 1557 1896 1656 paulic
1919 1557 2118 1632 insolentio-

422 1687 546 1764 ribnsi
595 1685 687 1758 Nam
712 1685 750 1758 in
780 1681 932 1758 Cornicis
958 1681 1187 1780 Tragieieque
1219 1684 1379 1756 universe
1411 1696 1520 1758 metra
1546 1710 1623 1758 esee
1645 1697 1680 1760 et
1703 1687 1776 1784 ipse
1816 1713 1895 1761 com
1922 1688 2121 1788 prodentis·

424 1824 512 1894 simo
542 1841 682 1917 quoqne
716 1823 898 1888 censuerat
930 1809 1129 1903 Charisius,
1158 1821 1244 1888 teste
1272 1811 1428 1904 Rufino,
1456 1815 1517 1912 qui
1542 1840 1578 1914 p.
1603 1813 1702 1888 579.
1743 1815 1893 1892 Charisii
1917 1813 2119 1894 seutentiam
2260 1802 2263 1815 ¹

424 1950 468 2024 de
502 1950 636 2048 origine
672 1971 792 2022 versus
832 1943 1017 2041 septenarii
1051 1939 1186 2037 attulit,
1220 1939 1361 2016 ductam
1391 1941 1487 2016 illam
1518 1969 1540 2016 a
1572 1945 1744 2020 Varrone.
1810 1947 1943 2022 Confer
1973 1947 2121 2024 enodem

424 2109 460 2180 p.
487 2076 585 2152 596.
616 2076 659 2150 de
688 2087 798 2150 metro
826 2071 1016 2148 Bacchico.
1076 2071 1158 2170 lpse
1188 2073 1360 2166 Plautus,
1390 2098 1493 2171 quem
1530 2074 1741 2150 admiramur
1779 2080 1941 2152 eximium
1984 2077 2117 2154 fabrum

424 2237 608 2301 vemnnm,
635 2233 705 2280 oon
730 2203 901 2278 dubitavit
918 2204 956 2276 io
972 2202 1229 2301 Epigrammate
1250 2202 1311 2276 illo
1332 2203 1426 2302 apud
1447 2201 1601 2278 Gellium
1615 2205 1735 2280 Noctt.
1754 2204 1833 2282 Ao.
1854 2209 1889 2302 1,
1911 2205 2005 2302 Μ,
2027 2209 2121 2309 quod

425 2350 633 2440 apposuerat
653 2335 708 2411 Μ.
732 2337 819 2410 Ter.
847 2334 962 2409 Varro
989 2334 1024 2404 io
1050 2329 1140 2404 libro
1160 2331 1203 2406 de
1229 2335 1339 2431 poetis
1365 2335 1498 2434 primo,
1530 2335 1703 2434 profiteri:

651 2468 846 2564 Postquam
872 2475 981 2536 morte
1014 2461 1132 2536 datust
1155 2461 1323 2556 Plautus,
1352 2465 1528 2540 comoedia
1552 2467 1661 2566 luget,

654 2598 770 2673 Sceno
796 2591 852 2668 est
874 2593 1030 2685 deserta,
1059 2591 1139 2666 dein
1162 2595 1291 2691 Risus,
1316 2594 1434 2668 Lndu’
1461 2597 1637 2694 locusque

650 2728 702 2800 Et
726 2727 866 2800 numeri
888 2725 1066 2796 innumeri
1088 2721 1188 2796 simod
1217 2749 1337 2802 omues
1360 2726 1666 2800 collacrnmaruot.

426 2863 563 2958 Nempe
587 2861 618 2932 si
641 2882 722 2930 eom
746 2853 903 2930 versibus
928 2853 1076 2928 heroicis
1097 2867 1189 2928 certo
1215 2855 1365 2953 quodam
1384 2859 1513 2952 inipso
1538 2859 1701 2930 varietate
1725 2870 1843 2932 tenore
1860 2857 2123 2936 decurrentibus

428 2999 722 3088 compararentur.
776 2983 943 3058 Plantam
968 2986 1119 3060 imitatus
1143 2984 1322 3069 Ausonim
1337 2986 1460 3087 Edpli.
1485 2987 1555 3084 IV,
1575 2983 1644 3064 48.
1666 2986 1853 3063 Menandri
1874 2987 2012 3066 subulas
2029 3017 2124 3067 com·

426 3118 595 3196 mendam
619 3118 735 3215 nepoti
756 3117 941 3214 praecipit:

655 3246 868 3320 Innumeros
891 3270 1054 3318 numeros
1079 3244 1188 3323 doctis
1216 3243 1416 3322 accentibus
1435 3245 1531 3320 coer.

428 3379 537 3474 Quod
561 3377 663 3478 quale
686 3391 780 3452 esset
804 3378 914 3452 sensit
938 3376 1027 3452 los.
1044 3374 1262 3477 ,Scaliger
1282 3375 1479 3450 Ausoniam.
1508 3377 1624 3456 [ectt.
1651 3379 1706 3470 11,
1728 3377 1794 3454 17.
1817 3405 1853 3477 p.
1875 3372 2013 3478 19οἴ).
2053 3377 2125 3454 Vel

428 3515 490 3592 sio
514 3510 697 3592 Plautinos
730 3535 809 3583 eum
837 3507 969 3582 salibus
999 3529 1159 3578 numeros
1191 3505 1332 3581 Horatii
1356 3509 1494 3606 proavis
1523 3507 1668 3586 mirifice
1700 3507 1867 3598 laudatos}
1887 3529 1966 3602 esee
1994 3507 2124 3582 fatetm

428 3644 571 3738 iniquus
596 3639 654 3712 ilie
675 3641 828 3737 priorum
855 3648 1035 3735 poetarum
1060 3648 1243 3710 censeret
1271 3663 1292 3712 a
1317 3635 1531 3712 Graecorum
1555 3637 1734 3712 munditiis
1750 3650 1979 3714 senatorum.
2025 3637 2123 3712 ldem

433 3769 628 3858 Horatius,
664 3770 729 3864 qui
750 3770 787 3840 in
807 3763 1021 3840 ¹Archilochi
1043 3766 1163 3864 epodis
1190 3763 1485 3866 acciendumque
1517 3780 1696 3866 poetarum
1719 3770 1855 3869 exiguis
1882 3767 2030 3870 strophis
2051 3767 2122 3840 Ira·

430 3903 481 3976 tio
498 3895 725 3980 ostendendis
757 3897 1014 3995 acquiesceret,
1045 3896 1270 3977 Pindaricum
1308 3897 1462 3974 volatum
1485 3898 1727 3976 reformidaret
1754 3902 1851 3998 ipse,
1884 3901 1962 3976 aliis
1993 3899 2124 3976 desm-

544 4146 573 4234 ')
604 4143 696 4212 Dicit
716 4143 802 4212 inter
822 4145 885 4212 alia
907 4147 1007 4214 haece
1031 4147 1194 4240 tutetttqtt
1212 4147 1338 4218 solutos
1363 4147 1556 4216 Comoedioe
1576 4169 1714 4230 uersam,
1737 4150 1797 4246 qui
1817 4156 1898 4214 suaet
1914 4145 2047 4241 quidem
2065 4171 2127 4212 nu,-

431 4264 535 4346 meri,
558 4285 639 4326 nom
660 4245 731 4324 suis'
746 4261 888 4353 pedibus
912 4262 1071 4328 incedunt
1078 4288 1089 4348 3
1112 4265 1169 4328 aed
1188 4286 1257 4328 uon
1279 4265 1351 4328 ueri
1373 4267 1528 4352 numeri,
1552 4265 1632 4361 quin
1662 4263 1789 4356 tepidus
1809 4261 1922 4326 soluti.
1980 4261 2036 4326 lto
2057 4262 2127 4347 Ho-

347 4394 355 4412 ⁸
432 4380 541 4442 retius
565 4400 640 4443 cum
664 4374 779 4440 scribit
800 4376 1012 4468 numerisque
1037 4377 1140 4442 fertur
1160 4374 1249 4485 [pege
1271 4377 1410 4461 solutis,
1433 4378 1593 4469 iuteiiipit
1620 4377 1714 4443 ieoud
1734 4376 1830 4442 drebie
1849 4379 2045 4442 innumeros
2066 4399 2128 4442 nu·

431 4513 539 4556 meros
561 4489 719 4555 Pindari.
764 4489 938 4556 Eiusnaodi
961 4501 1073 4556 cutem
1094 4501 1160 4572 est,
1193 4493 1258 4558 imo
1282 4489 1418 4558 liberior
1447 4495 1570 4558 comico
1590 4494 1709 4582 poesis.
1758 4491 1873 4580 Quore
1904 4499 1936 4557 et
1956 4493 1994 4557 in
2013 4488 2127 4578 Epito-

422 4599 510 4692 'piaio
532 4603 650 4669 Picenti
669 4626 730 4692 per
750 4603 939 4669 innumeros
960 4624 1114 4669 numeros
1138 4605 1312 4673 Comoeoio
1334 4605 1544 4698 iuteiiipitur.
1569 4643 1613 4657 —
1652 4605 1828 4672 Ausonius
1849 4602 2034 4671 Menandri
2053 4601 2128 4668 dru-

432 4725 526 4782 mota
548 4717 739 4782 innumeros
760 4709 914 4782 numeros
935 4728 1052 4801 uoent,
1081 4719 1320 4817 quod-‘dietum
1341 4731 1390 4787 eat
1413 4721 1639 4804 Graecaniee,
1670 4729 1710 4786 ut
1729 4718 1853 4809 eirico
1871 4717 2047 4805 circuunt,
2066 4718 2131 4805 roi·-

433 4859 500 4922 pnc
521 4830 675 4920 'iponem
728 4831 824 4898 Adde
860 4829 913 4898 tria
946 4853 1031 4922 quae
1061 4831 1277 4924 Bergkioa·
1295 4833 1441 4926 disputat
1468 4833 1699 4902 commentatt.
1722 4832 1765 4902 de
1792 4833 1905 4922 Reliq.
1928 4830 2023 4900 Com.
2058 4833 2129 4900 tu.

432 4946 551 5036 Anttq.
577 4967 612 5035 p.
636 4943 772 5036 tttsq.
851 5006 855 5014 ,
944 5019 947 5028 ,
1067 4995 1070 5002 .
2053 4969 2055 4976 ·
