4514 5830
964 401 1037 492 10

266 613 496 694 Redenndum
522 623 577 688 est
598 609 644 684 ad
668 607 958 684 Phoenicem.
1012 605 1118 702 Quod
1144 633 1282 682 carmen
1311 607 1414 708 quale
1440 613 1637 686 tractaverit
1665 637 1849 714 argumen-

153 761 229 826 tum
257 752 315 823 aix
346 757 460 848 potest
489 767 617 842 auceps
652 765 727 814 ease
756 716 935 815 indicium.
1001 738 1142 814 Etenim
1163 743 1193 812 'si
1220 739 1354 838 reliqna
1378 745 1516 836 omnia,
1551 767 1699 842 quorum
1732 745 1849 844 paullo

152 877 305 954 1001011όο
332 887 425 951 extat
446 873 630 965 memoria,
667 871 950 970 Erotopaegnion
989 873 1139 944 carmina
1167 872 1205 944 in
1232 873 1443 969 argumentis
1476 873 1651 948 amatoriis
1688 869 1847 952 constite-

150 1021 253 1104 rnnt,
277 1033 368 1108 quae
391 1031 436 1080 ex
456 999 1249 1100 11010010101001001000011100000000010ουοι
1279 998 1598 1078 Alexandrinorum
1628 1008 1723 1078 varie
1747 1031 1848 1080 exor-

149 1149 394 1229 0010000001,
422 1161 486 1208 nec
515 1133 704 1210 Phoenicis
729 1155 854 1204 nomen
883 1130 1045 1206 aliorsum
1074 1144 1231 1230 spectare
1255 1143 1330 1206 tuto
1347 1131 1577 1208 censebimus.
1632 1135 1738 1227 Quod
1770 1163 1847 1212 car·

142 1227 704 1368 100000010010001000010010100
734 1262 928 1334 narratione
953 1273 1117 1360 quaeest
1144 1263 1293 1336 Homer.
1322 1260 1427 1334 Iliad.
1454 1270 1490 1355 Ι,
1519 1261 1603 1338 418
1626 1293 1705 1366 sqq.
1741 1281 1847 1344 mare.

150 1404 235 1478 riam
263 1399 450 1500 sumptiose
476 1407 608 1470 certum
631 1391 780 1464 videtur.
841 1391 971 1466 Poetae
1003 1393 1126 1492 tragici
1159 1391 1250 1466 idem
1279 1405 1520 1492 argumentum
1552 1407 1846 1493 pertractaverant

148 1533 192 1606 lo
216 1529 349 1624 Chius,
376 1555 412 1601 0.
448 1523 745 1632 Nieberding.
779 1521 861 1594 Err.
894 1521 1058 1619 lonisp.
1082 1519 1138 1595 55
1163 1548 1242 1620 sqq.
1254 1573 1267 1615 ,
1303 1521 1510 1622 Euripides,
1538 1537 1573 1598 et
1602 1551 1646 1600 ex
1677 1529 1845 1604 Romanis

149 1663 298 1736 Ennius.
352 1658 424 1750 Qui
451 1681 571 1730 omnes
595 1654 818 1728 Homericam
843 1654 1072 1725 narrationem
1099 1651 1142 1724 dc
1162 1677 1279 1725 amore
1303 1651 1494 1726 Phoenicis
1515 1656 1550 1728 10
1577 1655 1757 1754 pellicem,
1786 1660 1844 1734 cni

144 1818 184 1864 se
209 1753 395 1891 instigante
421 1798 529 1860 matre
544 1785 575 1886 ‘)
599 1782 785 1858 indulsisse
809 1808 881 1857 nun
903 1793 1006 1882 negat
1027 1782 1238 1856 Homericus
1260 1779 1443 1875 Phoenix,
1468 1784 1516 1856 ita
1545 1783 1778 1884 deseruerant,
1806 1801 1846 1864 01

147 1922 309 1998 Phoenix
330 1919 417 1992 alter
436 1915 579 2016 qnidam
599 1913 816 2014 Hippolytus
841 1910 1083 1986 celebraretur.
1137 1911 1201 1987 Sic
1221 1911 1408 2010 Euripides
1422 1907 1691 2020 ἀναμάρτητον
1704 1916 1843 2018 eiadper

146 2049 213 2134 τᾶν
240 2049 415 2138 Φοίνικα,
439 2073 475 2120 0.
503 2046 640 2122 8010011.
667 2044 816 2118 Homeri
842 2041 868 2116 l.
889 2067 923 2115 c.
951 2053 987 2114 et
1011 2040 1179 2140 Apollod.
1207 2039 1427 2136 111‚15,8.
1454 2055 1489 2118 et
1512 2047 1632 2122 000100
1656 2049 1843 2125 Valcke-

149 2183 269 2280 narii
293 2177 444 2252 Diatrilr.
473 2203 552 2275 cap.
575 2176 723 2249 xxiv.
748 2200 785 2272 p.
803 2170 886 2246 262
912 2197 992 2272 sqq.
1020 2171 1244 2248 Matthiae
1264 2173 1347 2245 Err.
1373 2175 1499 2274 Enrip.
1521 2176 1601 2270 lx,
1628 2204 1665 2276 p.
1684 2176 1782 2252 289.
1808 2193 1844 2254 01

148 2310 442 2386 Welclaerum
463 2306 507 2382 de
533 2304 711 2406 Tragocd.
738 2305 800 2397 11,
827 2301 969 2403 [01105
993 2329 1073 2402 sqq.
1125 2302 1226 2395 Quos
1256 2305 1409 2378 imitatus
1442 2305 1593 2380 Laevius
1622 2305 1844 2408 descripserit

146 2457 236 2516 artes
262 2441 395 2540 pellicis
417 2451 549 2512 castum
571 2440 729 2510 invenem
756 2435 884 2508 frustra
907 2435 1088 2524 tentantis,
1114 2444 1192 2532 post
1215 2434 1308 2532 apud
1341 2447 1472 2536 patrem
1498 2434 1727 2536 Amyntorem
1765 2465 1841 2516 ace·

144 2571 231 2646 leste
256 2573 475 2664 criminatae,
503 2568 601 2668 quasi
625 2569 760 2666 ipsese
785 2589 1005 2664 corrumpere
1033 2573 1177 2636 conatus
1201 2576 1306 2638 esset.
1361 2565 1549 2665 Sequitur,
1581 2579 1619 2642 01
1640 2565 1722 2642 hinc
1743 2571 1840 2644 colli·

145 2727 290 2801 gamus,
318 2698 423 2772 verba
445 2700 565 2773 Laevii
590 2697 790 2773 nClrarisio
811 2698 967 2796 apposita
996 2693 1154 2793 proloqui
1179 2693 1358 2792 pellicem,
1385 2721 1475 2796 qnae
1499 2697 1655 2794 Veneri,
1682 2700 1840 2776 dominae

145 2855 229 2904 snae
246 2853 288 2902 ac
309 2833 513 2929 magistrae,
542 2829 632 2902 diem
650 2828 791 2928 planum
811 2825 998 2898 101100010οι
1018 2850 1057 2898 ae
1076 2823 1264 2898 dicaturum
1281 2825 1496 2924 polliceatur.
1550 2829 1608 2902 En
1623 2832 1699 2930 ipsa
1713 2831 1835 2908 rerba:

265 2975 305 3049 V
302 2999 399 3068 eaor,
430 2977 562 3048 amorii
583 2975 707 3067 altrix,
739 2975 899 3075 qereetrie
922 2973 1139 3070 cupiditatis,
1172 2975 1210 3044 ire
1232 2999 1336 3074 qaam
1360 2974 1452 3047 diem
1476 2975 1621 3074 plenam
1645 2979 1839 3056 dileralam

338 3111 362 3193 †
388 3107 633 3204 praepandere
659 3105 719 3206 sae
746 3113 799 3178 ert
828 3101 988 3201 opiterine
1013 3114 1094 3178 1000
1118 3105 1381 3178 committere.
1628 3189 1630 3195 ,

199 3239 267 3340 ὡ
271 3305 478 3337 .....
487 3237 1543 3341 604me-n-ae--mo-†-ss.e--m
1547 3309 1839 3343 ccccccc

144 3369 231 3465 Sic,
266 3371 402 3444 etiamsi
427 3371 596 3470 quaedam
621 3381 758 3444 nostros
788 3367 992 3442 emendandi
1021 3381 1163 3443 conatus
1191 3380 1414 3467 respuerunt,
1454 3369 1604 3443 sedecim
1630 3373 1757 3470 pedes,
1794 3403 1837 3452 ex

148 3497 459 3576 Grammaticorum
484 3500 623 3602 qnidem
652 3509 786 3591 mente,
812 3511 1003 3597 emergunt.
1057 3494 1206 3599 Absque
1230 3495 1392 3574 Charisia
1421 3511 1528 3593 esset,
1555 3503 1634 3601 qais
1662 3529 1733 3580 non
1751 3506 1837 3581 haec

145 3633 181 3704 in
207 3633 331 3733 exigna
357 3631 503 3706 frustula
529 3631 736 3722 dissecaret,
773 3627 876 3700 talia:

138 3999 252 4114 Ι(10001
283 4021 319 4092 10
353 3887 1054 4120 00110ου0οή010ου00111010000οἇοἶ,
1099 3886 1178 4122 quei
1201 4021 1237 4094 id
1254 3949 1401 4096 intends
1434 3949 1485 4093 dd
1512 4023 1636 4123 reliqui
1666 4030 1835 4102 sermonis

144 4154 410 4226 concinnitatem
444 4149 599 4224 retrahas
630 4152 689 4224 vix
721 4150 907 4223 inveneris.
982 4149 1073 4224 Nam
1107 4175 1197 4252 quae
1230 4161 1351 4250 sponte
1385 4151 1496 4224 001010
1529 4168 1713 4231 occursant
1745 4185 1835 4256 prce

142 4283 319 4379 pandere,
352 4283 618 4382 praependere,
643 4303 732 4380 prae
758 4282 897 4380 pudore
923 4305 991 4354 non
1017 4279 1200 4381 quadrant.
1268 4280 1345 4354 Nisi
1376 4281 1464 4356 l'orte
1492 4287 1709 4386 profundere
1735 4286 1831 4361 10101.

256 4565 283 4654 ’)
306 4563 393 4629 Male
416 4565 456 4630 de
477 4568 576 4632 100000
597 4565 774 4634 Homerico
796 4569 932 4638 solliciti
955 4569 1154 4662 Sosiplranes
1174 4581 1206 4638 et
1222 4570 1449 4640 Aristodemus
1473 4569 1694 4640 0000000153.
1717 4574 1759 4640 110
1778 4565 1855 4642 010-’

145 4679 323 4770 prevaleant
333 4725 344 4759 ,
368 4689 404 4744 nt
421 4678 623 4748 inculcarcnt
649 4683 875 4773 negatioacmr
1816 4670 1818 4674 .

417 4798 469 4886 Τῇ
490 4793 537 4864 ori
558 4794 720 4886 πιθόμην
739 4794 814 4869 nrid'
836 4808 924 4887 ἕρξα.

144 4905 280 4974 Scilicet
303 4931 346 4974 ne
367 4907 504 4976 Homeri
526 4909 666 4975 narratio
692 4935 710 4976 a
732 4912 926 5003 tragicorum
950 4923 1116 5002 poetarum
1140 4910 1333 4980 dissonaret.

1332 5019 1360 5091 5
1374 5023 1385 5048 s
