4544 5844
19 499 20 502 κ
961 437 1031 528 ss

19 557 22 710 l
141 652 262 744 deret,
295 653 407 758 ipsum
435 647 585 748 'poetam
628 644 836 720 'l'hehanum
870 644 970 718 linxit
1010 669 1076 744 per
1105 644 1255 718 audaces
1285 643 1524 744 dithyrambos
1560 649 1715 720 nomena
1751 649 1845 748 ferri

144 785 226 886 lepe
253 783 389 856 seton.
445 779 554 872 Quod
587 779 646 877 poi
681 778 973 876 interpretationis
1007 774 1187 849 lenociniis
1215 775 1413 870 emolliunt,
1438 775 1597 868 videant,
1635 803 1679 850 ue
1712 777 1842 850 doma

143 927 245 1016 poeta
269 941 334 990 suo
359 937 512 986 mrorem
544 907 763 1008 propulsant,
791 906 912 981 eodem
941 908 1138 980 irretiantur
1159 907 1243 1004 ipsi.
1294 907 1391 1000 Quid
1425 908 1600 1006 apertius,
1638 931 1743 1006 quam
1774 910 1842 1006 ipsi

144 1049 215 1122 vati
240 1045 393 1120 Horatio
412 1041 486 1114 sisa
513 1067 586 1114 esse
608 1038 769 1113 liberiora
797 1050 904 1112 metra
931 1037 1077 1112 Pindari
1107 1039 1200 1112 omni
1224 1037 1366 1112 viuculo
1397 1035 1485 1138 legis
1515 1039 1700 1138 exempta?
1723 1038 1841 1130 Quem

143 1177 202 1250 nel
228 1180 266 1248 in
290 1175 532 1247 incitatissimis
555 1168 787 1270 dithyrambis
812 1167 952 1241 modum
977 1171 1127 1243 munnae
1146 1172 1183 1242 iu
1211 1169 1383 1242 conlessis
1414 1181 1480 1243 est.
1532 1169 1609 1242 Nec
1636 1168 1842 1268 negligenda

145 1305 249 1408 noas.
280 1304 367 1378 a...
393 1304 495 1378 naas
518 1302 691 1377 vetem
724 1299 847 1374 ‚smus
870 1327 939 1373 ..a
964 1299 1005 1394 1,
1037 1296 1102 1393 12,
1125 1297 1167 1371 s.
1197 1325 1235 1398 p.
1254 1297 1322 1372 oo.
1394 1297 1547 1374 om
1577 1299 1731 1398 specum
1764 1277 1843 1372 m

149 1449 259 1510 metro
284 1436 469 1526 subsistat,
494 1445 613 1533 potest
637 1443 751 1504 tomen
775 1431 893 1504 videri
925 1441 1026 1502 estro
1052 1429 1162 1529 lepean
1186 1431 1291 1502 metri
1314 1455 1407 1522 esse,
1439 1433 1525 1532 puin
1552 1431 1664 1504 libero
1688 1431 1842 1504 scriben-

149 1569 194 1640 tis
235 1566 380 1638 arbitrio
414 1589 483 1663 pes·
522 1563 702 1662 rhythmos
734 1563 900 1661 eripitur.
961 1561 1018 1633 lte
1052 1563 1261 1634 comicorum
1295 1573 1408 1633 autem
1441 1564 1559 1634 metris
1594 1564 1668 1660 ipse
1702 1561 1843 1654 Quinti·

147 1697 277 1789 lienus,
320 1693 458 1768 sobrius
491 1693 597 1766 homo
609 1745 622 1786 ,
662 1691 724 1766 sed
757 1694 818 1790 qui
848 1693 1068 1788 antiquorum
1103 1703 1282 1790 poetarum
1312 1693 1456 1764 virtutes
1498 1717 1568 1765 uon
1600 1717 1710 1792 aequa
1742 1693 1846 1766 lance

143 1826 375 1926 ponderaret,
405 1849 566 1922 perverse
588 1821 719 1898 iudicat
743 1823 834 1895 lust.
857 1821 960 1895 Orat.
987 1821 1048 1914 X,
1078 1817 1114 1913 l,
1138 1817 1206 1892 99.
1261 1819 1311 1893 In
1343 1823 1526 1895 comoedia
1560 1824 1712 1896 maxime
1744 1823 1841 1896 cinn-

146 1958 328 2048 dicnsnns,
365 1955 450 2027 licet
494 1955 651 2028 Terentii
679 1955 812 2052 scripto
845 1955 895 2025 ad
911 1929 1130 2050 'Scipionem
1160 1949 1377 2052 Africanum
1413 1953 1637 2052 reserantur,
1675 1979 1765 2056 poue
1789 1965 1843 2026 tn-

144 2113 225 2160 neers
247 2089 286 2157 in
317 2087 386 2158 lton
407 2111 531 2184 penore
553 2096 635 2157 nant
662 2083 945 2184 elepantissimn3
984 2094 1018 2155 et
1042 2082 1125 2180 plns
1153 2081 1270 2155 adbuc
1302 2082 1468 2156 bnbitssrn
1490 2085 1649 2182 pectine,
1689 2085 1725 2156 si
1748 2086 1843 2157 intro

145 2243 267 2290 verme
292 2217 465 2288 trimetros
489 2204 675 2287 stetissent.
731 2214 792 2289 oh
814 2217 915 2288 cuius
944 2199 1060 2286 indicii
1091 2212 1261 2287 levitatem
1290 2215 1414 2288 merito
1439 2216 1587 2312 optimus
1624 2215 1678 2286 sir
1702 2212 1843 2312 vapulat

144 2345 349 2419 Bentleio
373 2345 635 2420 schediasmate
661 2345 704 2419 dc
722 2347 842 2419 metris
868 2345 1014 2418 Terent.
1041 2371 1077 2442 p.
1106 2343 1175 2419 lv.
1228 2344 1299 2416 llis
1323 2345 1405 2416 satis
1432 2357 1570 2416 cautum
1607 2343 1767 2433 videtur,
1786 2355 1840 2432 ¹ssne

16 2541 17 2546 ,
143 2477 224 2575 quis
248 2487 396 2548 mentem
422 2474 574 2550 Charisii
593 2479 630 2548 iu
650 2502 724 2550 eam
745 2487 879 2576 portem
911 2473 1130 2565 dehonestet,
1157 2498 1265 2572 aqua
1284 2499 1389 2572 supra
1413 2472 1694 2546 dehortuhamur.
1747 2473 1838 2547 Ver-

140 2633 201 2680 sus
238 2631 314 2680 csse
348 2605 565 2698 Laevianos,
602 2603 789 2700 Attianos,
834 2605 1015 2678 Ennianos
1048 2629 1117 2678 uon
1149 2606 1312 2703 negarit,
1354 2599 1417 2678 sed
1445 2631 1526 2678 vern
1562 2605 1693 2677 ratione
1719 2628 1839 2676 eorum

141 2762 265 2835 purum
285 2747 467 2834 perspecta
498 2761 627 2809 novom
652 2763 762 2838 penos
780 2737 911 2835 pedum
934 2737 1040 2837 idpne
1061 2747 1218 2809 nnebon
1240 2749 1455 2809 commentus
1477 2733 1542 2809 est.

256 2865 379 2964 Pergit
397 2863 597 2960 Charisius,
624 2893 665 2940 eo
691 2871 811 2966 aptius
839 2893 913 2940 esse
940 2891 1068 2940 nomen
1096 2864 1352 2940 Saturniorum.
1405 2866 1540 2966 Nempe
1563 2891 1668 2966 quam
1692 2865 1840 2938 istorum

15 3017 16 3036 ¹
144 3021 332 3086 smmum,
356 2997 439 3093 qni,
474 2999 702 3096 semetipsi
729 2995 992 3098 genuapednm
1026 3007 1178 3070 ametrou
1204 2995 1390 3091 haherent,
1420 3009 1536 3072 tamen
1569 2996 1606 3070 id
1628 3021 1697 3070 uon
1725 2995 1841 3068 statim

142 3127 282 3200 nomine
303 3127 381 3223 ipso
405 3151 488 3223 prae
512 3153 550 3199 sc
569 3128 712 3202 ferrent.
765 3129 853 3204 vult
876 3130 988 3222 euim,
1021 3131 1089 3201 uisi
1110 3127 1282 3224 fallimur,
1317 3126 1411 3222 hoc,
1447 3128 1690 3204 Satomiorum
1723 3123 1841 3224 appel·

15 3257 16 3264 ’
140 3255 303 3330 lationem
324 3265 520 3329 moustrme
544 3281 667 3330 versos
692 3261 947 3358 antiquissimos
972 3269 1007 3333 et
1030 3258 1145 3333 rudes.

262 3383 316 3458 11.
369 3383 422 3458 Et
442 3387 557 3461 solent
581 3413 656 3462 esse
676 3390 805 3461 sommi
824 3392 1066 3490 pterppiornm
1084 3415 1205 3462 senona
1230 3391 1384 3482 denum
1408 3399 1588 3488 sequentes
1613 3387 1757 3487 pninnsn
1781 3386 1841 3458 dr·

144 3539 253 3607 nnn,
279 3515 403 3618 paules
420 3529 501 3592 ssost
517 3521 680 3620 pterypio
695 3519 888 3594 Phoenicis
902 3521 1034 3596 Laevii
1048 3517 1255 3624 [principio]
1277 3520 1415 3616 primae
1430 3519 1515 3590 odes
1531 3515 1840 3616 Erotopnepnion.

257 3643 302 3716 ln
325 3645 379 3718 hia
404 3659 444 3720 ut
466 3648 654 3724 habeanm
680 3649 741 3724 uhi
766 3650 888 3749 pedem
911 3651 1074 3751 ligamus,
1101 3663 1180 3724 aute
1205 3651 1319 3726 omnia
1345 3649 1388 3724 de
1412 3647 1608 3750 significato
1633 3649 1730 3722 vocis
1747 3673 1844 3728 nae-

141 3767 268 3878 ρῦγιον
290 3787 477 3874 quaeratur
507 3803 647 3854 necesse
672 3793 738 3856 eat.
805 3783 857 3856 Et
888 3809 1024 3856 omnem
1050 3781 1197 3881 lapidem
1230 3779 1447 3856 moventibus
1475 3783 1512 3852 in
1536 3791 1687 3854 mentem
1720 3797 1843 3854 venere

142 3906 261 3998 varia,
287 3905 350 3980 sed
363 3905 458 4005 quod
481 3907 584 4008 plane
606 3911 818 3988 satisfaceret
843 3912 942 3986 nihil.
996 3913 1153 3986 Primum
1174 3911 1425 4011 arripiehnmus
1450 3937 1548 3984 arem
1574 3910 1775 4010 phoenicem
1796 3955 1841 3968 ·-

140 4035 187 4110 ad
213 4061 318 4136 qoam
343 4037 419 4134 ipsa
453 4044 602 4142 pterygii
637 4045 918 4118 commemoratio
944 4042 1090 4118 vocabat
1118 4083 1189 4138 ·-,
1223 4045 1322 4115 cuius
1355 4053 1442 4114 teste
1474 4039 1657 4115 Herodoto
1682 4042 1744 4135 ll,
1771 4038 1840 4128 ⁷5.-

140 4165 196 4250 τοὶ
219 4169 291 4268 μὲν
312 4162 532 4271 χρυσόκομα
562 4179 638 4252 τῶν
655 4165 804 4278 erispoio
830 4169 1048 4280 (πτερύγων
1073 4173 1153 4246 boul
1178 4171 1298 4274 libri),
1325 4171 1377 4252 rei
1394 4163 1432 4252 di
1458 4167 1618 4277 ἐρυθρά.
1668 4172 1741 4246 Sed
1759 4171 1843 4244 boio

141 4299 295 4396 opinioni
319 4297 469 4374 Charisii
496 4300 601 4376 verba
623 4301 778 4399 obstant,
807 4309 892 4407 qni,
919 4307 949 4378 si
973 4305 1151 4406 phoenicis
1182 4298 1374 4408 πτερύγια
1399 4303 1436 4376 ἱιι
1463 4305 1750 4403 comparationem
1781 4301 1840 4374 ad·

141 4429 262 4504 hibere
287 4427 460 4524 nolebat„
474 4459 544 4506 nou
563 4445 697 4533 poterat
727 4437 850 4538 paules
872 4447 954 4511 snnt
977 4435 1145 4532 scribere,
1173 4435 1216 4509 de
1241 4434 1400 4510 versibus
1426 4435 1576 4508 locotus.
1631 4432 1713 4508 llsc
1738 4437 1845 4538 igitur

141 4561 312 4638 sententia
347 4559 460 4634 valere
505 4565 598 4638 iussn
630 4565 833 4642 devenimus
872 4568 916 4642 ad
949 4568 1080 4644 Simiae
1116 4539 1332 4666 aliorumque
1371 4566 1469 4640 lusus
1507 4563 1842 4662 Alexandrinorum,
1988 4573 1994 4584 '

141 4695 203 4794 qui
226 4719 248 4766 a
269 4687 429 4766 versibus
453 4689 684 4793 longiusculis
709 4699 777 4772 orti
803 4699 981 4798 paullatim
1004 4725 1166 4774 numeros
1191 4701 1229 4772 in
1263 4699 1379 4772 varias
1401 4696 1533 4794 species
1558 4693 1727 4796 figuratos
1759 4725 1844 4776 eon.

142 4821 295 4898 siderent
332 4820 388 4896 nel
422 4835 563 4918 eontra,
604 4829 721 4928 qualis
752 4832 905 4904 carmina
945 4842 1065 4906 extant
1105 4829 1235 4904 Simiae
1278 4823 1368 4928 φ’όν,
1405 4825 1575 4909 πέλεκυς
1618 4827 1842 4930 eiusde-que

141 4953 383 5061 πτέρυγες
409 4945 597 5061 Ἔρωτος,
628 4985 664 5032 v.
699 4957 815 5036 Anth.
852 4959 932 5037 Pal.
968 4961 1057 5058 XV,
1082 4956 1151 5036 24.
1192 4959 1371 5035 lacohs.
1409 4955 1558 5060 Autbol.
1600 4957 1638 5055 l,
1667 4958 1706 5032 2.
1735 4987 1772 5061 p.
1799 4959 1839 5036 7.
