4544 5844
420 649 509 726 iiber
539 649 705 748 quintus,
743 643 801 718 cui
835 642 979 718 titulus:
1021 641 1159 741 Iocr'pit
1191 643 1284 719 ttter
1317 644 1368 720 V.
1397 645 1443 720 de
1466 645 1705 722 tttomrttu.
1758 649 1884 726 snum
1917 665 1998 754 pust
2030 653 2118 730 haec

331 858 336 866 ,
420 781 542 856 litteris
565 773 808 852 minutioribus
839 775 1006 872 scriptum
1034 785 1110 848 est:
1145 773 1330 874 Incipient
1361 775 1482 850 Pttntt
1504 780 1652 852 secundi
1683 779 1903 882 differentiae
1930 785 2121 858 uerborum

421 925 456 987 et
480 911 684 1004 nominem,
720 919 793 980 tour
833 903 964 1002 relique
1000 927 1083 1002 pers
1116 905 1296 979 columneo
1323 931 1433 980 vaona
1459 906 1599 1002 relicto,
1632 935 1668 981 v.
1697 909 1927 984 Lindemann.
1954 939 1992 1013 p.
2019 911 2118 987 176.

420 1039 558 1118 Deinde
583 1067 639 1112 nr.
667 1033 732 1109 11.
758 1032 912 1109 Cornelii
936 1033 1125 1108 Frontonis
1153 1033 1291 1108 tihellus
1326 1035 1370 1110 de
1403 1035 1601 1110 differentiis
1627 1038 1899 1136 rocnholnram,
1939 1044 2121 1143 usquead

420 1171 527 1246 verba
550 1170 760 1244 bonorutum
786 1175 855 1258 ert,
895 1189 932 1237 v.
960 1163 1168 1238 Putschinm
1201 1191 1238 1266 p.
1263 1162 1367 1239 2191
1402 1165 1448 1239 ad
1473 1163 1598 1240 2201.
1663 1169 1752 1244 Post
1776 1169 1863 1245 haec
1887 1197 1943 1245 nr.
1963 1172 2029 1247 10.
2056 1172 2122 1248 de·

420 1329 514 1380 mom
540 1313 657 1376 extant
681 1323 721 1370 eo
746 1319 837 1395 quae
858 1305 1043 1368 versantur
1063 1298 1098 1368 in
1115 1298 1326 1395 quaestions.
1379 1297 1437 1371 De
1459 1297 1586 1396 quihus
1610 1297 1696 1374 haec
1716 1301 1929 1376 laoneiiiusr
1959 1302 2125 1378 “libel-

381 1463 394 1484 ·
419 1437 474 1510 lus
500 1435 545 1506 de
568 1430 700 1506 Metro
726 1425 814 1500 doss
838 1425 978 1526 quidem
1003 1427 1150 1526 paginas
1175 1428 1345 1527 integras,
1373 1430 1447 1501 sire
1463 1441 1614 1527 quatuor
1630 1429 1828 1526 columnas,
1854 1445 1946 1508 etot
1967 1435 2124 1528 videtur,

419 1563 537 1664 piures
562 1561 646 1637 nlinr
671 1557 925 1658 complectens,
952 1553 1056 1630 modo
1080 1553 1226 1628 duarum
1246 1560 1450 1657 paginarum
1473 1561 1655 1634 interiores
1679 1559 1765 1634 duas
1788 1575 1921 1638 tantnnr
1937 1565 2127 1639 columns

419 1675 607 1786 exhibens,
635 1689 780 1788 reliquis
804 1689 841 1760 in
876 1687 1031 1760 lncinins'
1054 1711 1140 1760 aero
1164 1685 1318 1787 diapsis.
1372 1689 1535 1763 Proeiixa
1569 1687 1656 1764 haec
1682 1691 1807 1766 verba:
1849 1694 1962 1768 Liber
1991 1693 2130 1770 Sancti

425 1822 651 1900 connotant.
705 1820 905 1911 Incertum,
933 1843 978 1890 on
1004 1815 1047 1891 S.
1070 1815 1307 1892 Cuinmhonos
1326 1819 1488 1921 opusculi
1521 1833 1643 1896 auctor
1676 1821 1868 1917 indicetur,
1899 1849 1945 1898 ao
1977 1825 2127 1926 aliquod

419 1955 462 2031 S.
490 1949 698 2028 Colnmhnni
721 1947 958 2041 Coenohionr,
982 1945 1028 2019 ad
1048 1946 1144 2047 qnod
1165 1947 1252 2022 lber
1267 1961 1466 2049 spectnsset.
1520 1951 1695 2051 Equidem
1724 1956 1831 2052 priori
1849 1956 2002 2053 opinioni
2023 1955 2124 2030 sare·

420 2111 515 2176 rem,
541 2095 617 2156 tum
642 2084 724 2182 qnia
749 2080 792 2154 S.
818 2076 1057 2154 Columbonus
1082 2077 1182 2178 piura
1203 2083 1355 2154 cormino
1380 2083 1539 2181 scripsit,
1567 2085 1672 2181 inque
1695 2081 1958 2160 humanioribus
1980 2086 2113 2178 tinais,

420 2241 486 2316 pro
511 2239 552 2288 ea
570 2227 763 2311 temporum
787 2207 1006 2301 conditione,
1035 2233 1105 2281 nnn
1131 2207 1346 2284 mediocriter
1371 2224 1528 2286 versatus
1553 2213 1640 2311 i'nitp
1675 2225 1748 2286 tum
1760 2265 1773 2306 ,
1809 2217 1890 2314 qnia
1921 2214 2050 2306 recha,
2080 2230 2122 2290 ut

420 2359 565 2439 sonant,
587 2345 696 2418 satius
721 2343 844 2435 istem,
872 2363 977 2438 qnam
1002 2336 1145 2410 niteram
1171 2343 1372 2413 sententium
1400 2339 1584 2440 exhibent,
1613 2355 1688 2418 tum
1712 2343 1882 2443 denique,
1917 2343 2014 2444 qnod
2037 2344 2119 2418 iibri

422 2475 594 2578 possessio
619 2473 698 2547 loco
725 2472 827 2571 pinne
853 2471 1087 2569 inopportuno
1113 2467 1334 2543 indicaretur.
1389 2469 1463 2544 Sed
1491 2469 1578 2547 haec
1603 2473 1762 2568 videont,
1797 2473 1926 2572 quibus
1960 2485 2062 2547 vacat
2083 2487 2120 2549 et

422 2605 533 2682 lubet.
585 2600 726 2676 Auctor
749 2600 907 2700 quisquis
930 2597 989 2670 ilie
1015 2600 1081 2692 sit,
1108 2595 1153 2671 ah
1177 2595 1343 2674 Saturnio
1370 2626 1474 2674 versu
1505 2603 1712 2701 opusculum
1747 2631 1848 2678 snum
1875 2603 2116 2704 adgreditur?

422 2737 551 2812 Postea
583 2733 739 2832 sequitur
772 2729 999 2804 Frontoninni
1029 2727 1138 2803 libelli
1171 2727 1276 2804 altero
1311 2757 1393 2832 pers
1420 2757 1443 2805 a
1470 2758 1508 2832 p.
1533 2727 1646 2805 2201
1674 2731 1719 2805 sd
1750 2761 1787 2832 p.
1807 2727 1930 2806 2211.
1964 2733 2114 2842 Pouch.

425 2867 565 2960 “Quae
589 2865 689 2964 qnasi
719 2860 904 2960 discerptio
929 2898 976 2914 -
1008 2857 1114 2934 verbo
1141 2871 1219 2936 snut
1243 2861 1405 2936 lonnellii
1427 2905 1473 2919 -
1500 2873 1535 2936 et
1562 2861 1726 2938 laceratio
1761 2861 1892 2957 libelii,
1926 2889 1998 2938 non
2029 2865 2116 2938 scri·

424 2998 534 3096 ptoris
561 2991 693 3068 lihrnrii
719 2989 820 3089 culpa
847 3003 899 3064 est
923 2989 1038 3085 neu,
1061 2987 1125 3066 sed
1140 2989 1269 3076 lib-arii
1286 2995 1538 3092 compactoris,
1565 2995 1629 3094 qni
1648 2991 1864 3070 membranas
1886 3019 2025 3072 nremss
2046 3021 2117 3074 oon

423 3125 585 3202 adversas
612 3124 734 3196 inscite
760 3119 985 3194 mussavit?
1742 3121 1747 3138 '

535 3254 608 3349 Qui
642 3253 735 3326 hono
768 3249 899 3325 codicis
934 3251 1172 3327 condicionem
1204 3249 1495 3345 consideraverit,
1529 3251 1661 3329 desinet
1691 3256 1835 3348 urirsri,
1872 3279 1936 3328 car
1965 3277 2032 3328 nec
2055 3253 2110 3328 lo.

423 3389 564 3462 Pierios
593 3383 779 3486 Cyminius
809 3380 1039 3476 Coscntinns,
1075 3383 1136 3481 qui
1166 3383 1297 3482 primns
1325 3380 1526 3456 charisium
1556 3383 1687 3478 edidit,
1730 3407 1795 3458 nec
1826 3388 2011 3486 quisquam
2037 3396 2117 3486 post

423 3543 502 3591 eom
525 3528 629 3616 nepot
650 3515 737 3589 illud
765 3515 810 3589 sie
831 3516 951 3588 mctrr's
983 3539 1067 3587 curn
1098 3537 1161 3584 sua
1190 3509 1351 3612 dignatos
1377 3515 1434 3587 sit.
1495 3514 1588 3588 Nem
1618 3525 1678 3588 ant
1701 3513 1872 3590 10Ιίιὶιο
1898 3515 1997 3590 foede
2022 3515 2110 3589 mul·

369 3715 375 3724 .
424 3658 499 3720 cato
535 3644 579 3719 nh
611 3643 820 3718 extricandis
855 3641 1114 3717 obscurioribus
1145 3641 1331 3718 litterarum
1362 3641 1524 3718 dontibus
1558 3641 1797 3720 absterrebant
1822 3687 1872 3704 -
1902 3657 1937 3720 et
1961 3641 2116 3720 codicem

423 3779 492 3850 iam
516 3775 668 3876 Cyminii
693 3787 803 3848 aetate
829 3772 1023 3847 mutuatum
1048 3775 1158 3848 fuisse
1183 3774 1290 3874 ipsius
1325 3772 1452 3850 ducato
1479 3777 1673 3854 testimonio
1703 3774 1868 3853 docemur
1885 3773 1918 3876 *)
1941 3815 2013 3870 -,
2040 3786 2117 3868 snt,

424 4071 613 4138 teneamus,
639 4075 706 4119 ιιι
729 4075 801 4118 esse
824 4052 914 4120 iiiam
936 4067 1061 4144 partem
1087 4055 1272 4144 perditsar,
1306 4051 1366 4120 sed
1395 4054 1429 4122 in
1464 4053 1577 4122 codiee
1608 4051 1743 4119 sinistre
1770 4053 1949 4121 disiectam.
2001 4051 2114 4141 ipsam

423 4172 512 4240 iilud
529 4170 668 4248 thorota,
693 4167 781 4257 quod
805 4179 886 4234 teste
906 4167 1068 4234 lrunriiio
1098 4168 1132 4233 in
1154 4163 1368 4258 &apotitarrn
1392 4168 1505 4236 codiee
1534 4191 1572 4234 ea
1604 4165 1730 4234 claudit
1748 4189 1833 4258 qnae
1864 4166 1953 4257 apud
1982 4163 2113 4232 honor

424 4285 625 4364 masculina,
659 4281 747 4371 apud
776 4281 920 4349 Graecos
952 4281 1111 4348 feminina
1140 4293 1239 4366 sant,
1272 4281 1307 4350 iu
1338 4283 1517 4350 monadem
1545 4303 1683 4349 numere
1712 4292 1802 4347 catat
1836 4300 1890 4370 rp.
1924 4275 2114 4346 Endiieber.

423 4427 459 4492 p.
474 4401 563 4482 101,
585 4397 650 4466 nisi
671 4395 760 4487 qnod
782 4420 845 4462 voa
866 4397 1009 4481 Graeca,
1039 4407 1075 4462 ut
1100 4419 1196 4488 saep
1224 4396 1326 4478 alias,
1350 4397 1484 4466 excidit.
1547 4397 1593 4464 Bt
1616 4395 1723 4485 eapite
1753 4392 1811 4460 itt·
1835 4393 1959 4460 incerti
1986 4391 2029 4459 ab
2051 4389 2120 4458 100

425 4539 529 4606 usque
546 4515 586 4582 ad
607 4514 686 4582 100.
710 4535 751 4578 ca
770 4510 921 4578 Charisio
939 4510 1101 4601 descripta
1121 4524 1192 4578 esse
1213 4533 1253 4578 eo
1273 4511 1468 4580 affirmatius
1486 4511 1735 4592 contendimus,
1757 4529 1831 4576 cam
1856 4519 1890 4574 et
1910 4507 1981 4601 ipsa
2003 4527 2045 4572 ea
2065 4523 2121 4572 oo·

424 4631 496 4699 dice
532 4629 611 4696 oiim
645 4625 824 4709 Bobieosi,
860 4649 946 4693 saec.
978 4625 1055 4691 vlt.
1089 4625 1143 4690 vel
1173 4623 1266 4693 vltt.
1302 4628 1490 4696 charactere
1520 4622 1753 4716 langobardico
1781 4621 1924 4714 scripto,
1957 4617 2121 4686 ediderint

424 4741 712 4812 vindobonenses.
759 4741 932 4832 Spenimeu
956 4741 1028 4807 eius
1051 4741 1239 4809 codicis·ad
1261 4743 1382 4810 cskcm
1411 4741 1644 4810 Auaieetornm
1664 4735 1810 4806 additum
1839 4759 1913 4809 cum
1934 4731 2120 4801 consistant

422 4857 547 4930 codicis
571 4855 734 4945 scriptura
756 4857 837 4922 mire
858 4856 1044 4923 coneordat.

430 5055 431 5058 Ἴ
537 4973 565 5063 “)
587 4970 758 5061 Quotquot
779 4970 811 5036 in
836 4969 1047 5040 bibliothecis
1069 4971 1252 5063 apographa
1274 4969 1417 5038 Charisii
1440 4969 1562 5057 latent,
1586 4979 1711 5038 certum
1738 4979 1790 5038 est
1817 4985 1859 5034 ea
1887 4963 2005 5034 ude!
2028 4962 2122 5032 doute
