4544 5844
1256 435 1325 522 18
1682 359 1728 440 Γ

559 643 633 720 Sed
659 641 746 717 nihil
772 667 851 716 cum
877 641 1079 717 Charisiana
1106 642 1268 716 memoria
1301 642 1521 716 coniunctius
1556 667 1661 746 quam
1695 647 1927 722 testimonium
1963 651 2149 726 Prisciani

445 775 516 867 Vl,
544 803 580 874 p.
607 773 722 870 712,
750 776 812 874 qui
832 773 918 847 haec
936 770 1061 846 hahet:
1090 771 1246 845 Laeuius
1272 771 1309 844 ia
1333 771 1570 872 Polymedia:

740 904 870 980 omnes
893 914 976 978 suot
1000 904 1101 978 desis
1124 902 1272 1002 syllabis
1291 905 1397 978 uerri.

444 1037 528 1110 Hoc
555 1061 694 1110 carmen
718 1035 931 1110 Osannus
956 1029 1077 1106 Anuli.
1105 1061 1141 1132 p.
1159 1030 1228 1106 59.
1257 1033 1357 1133 lyrici
1375 1035 1513 1134 pneris
1530 1031 1638 1108 luisse
1659 1038 1877 1136 suspicatur,
1903 1037 2046 1116 odarum
2065 1039 2151 1140 syl.

444 1167 548 1267 logen
567 1167 718 1240 tortasse
741 1163 982 1262 complexum,
1018 1188 1061 1236 ex
1088 1164 1188 1235 cuius
1221 1165 1397 1261 prooemio
1421 1163 1507 1238 haec
1537 1177 1672 1264 sumpta
1706 1168 1791 1240 sint.
1858 1166 1921 1243 Ad
1947 1139 2151 1268 Erotopae-

443 1299 550 1398 gnion
577 1321 704 1396 corpus
725 1305 842 1386 recte,
871 1305 912 1366 ut
933 1293 1115 1392 pdtamns,
1140 1291 1270 1366 rettulit
1293 1291 1594 1369 Wcichertns
1615 1323 1651 1394 p.
1679 1293 1749 1370 62.
1800 1299 1877 1373 Nos
1899 1298 1967 1374 hoc
1990 1303 2151 1376 maxime

444 1429 561 1520 iurat,
596 1425 691 1524 quod
714 1425 882 1499 Laeuium
904 1421 1061 1496 videmus
1086 1423 1198 1521 ipsum
1223 1421 1267 1496 de
1289 1423 1407 1496 metris
1431 1425 1503 1496 suis
1521 1423 1787 1526 haudquaquam
1811 1431 1901 1504 tritis
1925 1443 1961 1504 et
1985 1455 2152 1504 commu·

444 1555 549 1630 nibus
573 1557 743 1655 principio
770 1555 932 1629 carminis
957 1553 1104 1627 lectores
1129 1551 1360 1626 admonuisse.
1421 1552 1571 1628 Laevius
1605 1567 1720 1630 autem
1745 1583 1824 1632 cum
1847 1560 2050 1659 expeditum
2071 1589 2148 1634 nu·

443 1711 615 1762 merorum
638 1709 778 1759 cursum
800 1682 1050 1758 difficilioribus
1076 1685 1193 1756 metris
1218 1694 1253 1756 et
1277 1685 1376 1783 quasi
1397 1683 1611 1784 confragosis
1637 1686 1806 1762 tardauct
1830 1689 1989 1790 idemque
2007 1717 2147 1768 sermo·
2234 1767 2238 1778 ,

443 1843 522 1890 nem
547 1817 749 1911 ascivisset,
773 1817 834 1916 qni
860 1815 1053 1915 robiginem
1077 1814 1288 1912 antiquitatis
1314 1815 1480 1888 tenaciter
1505 1829 1745 1912 conservaret,
1768 1834 1960 1918 promptum
1986 1823 2147 1922 explica-

442 1949 576 2020 tionem'
594 1944 720 2040 hahet,
749 1973 813 2020 eur
840 1949 994 2020 carmina
1020 1945 1130 2043 ipsius
1161 1939 1344 2016 Graeculis
1370 1939 1420 2016 Α.
1447 1941 1553 2018 Gellii
1588 1945 1706 2045 paullo
1738 1947 1993 2024 delicatioribus
2019 1957 2144 2052 etqui

441 2074 675 2150 Anacreontis
702 2077 895 2180 fluentibus
926 2075 1066 2149 deliciis
1095 2076 1345 2166 assuerissent,
1380 2074 1583 2173 implicatu,
1611 2077 1650 2150 h.
1682 2103 1715 2151 e.
1743 2084 1916 2178 asperiora
1943 2091 1978 2154 et
2009 2078 2137 2156 Gmiae
2251 2067 2252 2114 ³

440 2207 761 2306 spiritu-Camenae
786 2207 959 2299 carentia,
982 2205 1099 2288 ‚sideri
1132 2207 1324 2305 potuerint,
1354 2231 1390 2276 v.
1424 2205 1544 2280 Noctt.
1575 2203 1654 2281 Att.
1689 2209 1802 2304 XIX,
1827 2207 1867 2282 9.
1921 2206 2028 2284 Adde
2064 2237 2137 2288 urc-

443 2336 611 2414 snorahile
634 2340 865 2413 testimonium
890 2334 1145 2436 Porphyrionis
1171 2338 1208 2408 in
1233 2335 1361 2408 Horat.
1388 2331 1544 2410 Garmm.
1567 2336 1647 2432 ΙΙΙ,
1671 2335 1710 2431 Ι,
1738 2335 1780 2412 2.
1816 2339 1974 2412 Laeuius
2000 2339 2136 2438 lyrica
2251 2383 2252 2398 .

441 2480 523 2544 oute
549 2469 742 2542 Horatium
764 2469 926 2567 scripsit,
952 2467 1017 2541 sed
1038 2467 1201 2540 videretur
1217 2489 1289 2537 ooo
1310 2465 1378 2538 itta
1405 2463 1625 2540 Graecorum
1652 2467 1729 2569 depe
1756 2471 1808 2542 ud
1829 2469 1980 2568 lyricum
2006 2470 2134 2546 clara.

441 2611 569 2674 stercor
595 2610 733 2674 exacta
787 2597 930 2670 Iisdem
957 2595 1109 2696 appellat
1130 2598 1280 2670 incertus
1301 2594 1556 2672 Grammaticus
1576 2599 1615 2670 in
1643 2596 1937 2673 Eichenfeld.
1959 2610 1994 2674 et
2017 2599 2130 2672 End·

438 2729 601 2804 lichcr.
629 2726 752 2803 Anuli.
780 2754 818 2827 p.
842 2725 935 2800 185.
988 2726 1138 2800 Lectum
1155 2737 1205 2800 est
1222 2727 1432 2821 meminens,
1460 2729 1525 2800 sed
1547 2729 1648 2825 opud
1671 2730 1816 2822 rudem,
1841 2727 1880 2802 h.
1899 2755 1933 2808 e.
1962 2729 2134 2806 Laeuium

397 2939 401 2948 ,
439 2854 915 2960 fr.Erotop.111,p.dd.
968 2855 1065 2948 Quid
1083 2855 1176 2955 quod
1200 2855 1352 2931 Laevius
1375 2857 1412 2930 id
1438 2861 1514 2958 ipse
1544 2858 1692 2934 modste
1726 2857 1887 2934 videtur?
1936 2861 2028 2936 Nam
2055 2887 2135 2936 oum

440 2992 477 3064 in
494 3015 597 3066 uersu
621 2989 716 3090 opud
742 2989 884 3061 Festum
907 3013 944 3087 p.
961 2983 1067 3080 270,
1098 2983 1165 3059 20.
1192 2985 1356 3062 Mueller.
1385 2985 1490 3061 dicit:

395 3113 398 3119 ’
719 3117 860 3193 Scabra
881 3120 919 3189 io
943 3117 1090 3217 dependo
1115 3087 1341 3192 reduviosrioe
1361 3117 1561 3218 offendens,

437 3275 510 3326 non
540 3247 777 3350 improbabilis
808 3258 861 3322 est
889 3259 1052 3346 peracuta
1081 3245 1130 3320 G.
1153 3247 1187 3322 Ι.
1212 3247 1371 3322 Vossii
1405 3251 1576 3348 suspicio,
1606 3258 1756 3349 poetam.
1777 3248 2018 3347 suametipsios
2047 3251 2132 3326 vitiu

437 3381 496 3456 vel
518 3383 630 3456 amico
663 3381 720 3456 vel
747 3377 936 3456 lectoribus
962 3380 1000 3453 in
1020 3377 1162 3454 introitu
1195 3375 1341 3452 alicuius
1372 3375 1452 3452 hhri
1480 3382 1686 3456 car-minisve
1712 3405 1916 3475 excusasse,
1943 3407 1978 3458 s·
2007 3379 2134 3458 Wei-

438 3510 583 3586 chert.
608 3537 649 3611 p.
669 3509 723 3584 75
751 3537 806 3612 sq.

437 3699 496 3767 uhi
517 3701 620 3768 codex
642 3701 786 3770 loviano.
830 3699 1022 3769 Notavimus
1044 3702 1080 3773 in
1101 3727 1237 3773 censura
1258 3705 1338 3772 lihri
1358 3703 1580 3772 Gaisiordiani
1607 3705 1721 3774 Nurac.
1745 3705 1827 3772 Litt.
1855 3701 2008 3796 Gottirsq.
2019 3701 2129 3783 1839,
2250 3745 2251 3750 κ

436 3797 510 3881 92.
531 3839 566 3904 p.
588 3815 672 3882 915.
701 3853 743 3867 -
790 3811 911 3880 Contra
942 3816 1113 3887 eximenda
1141 3829 1182 3888 ex
1214 3819 1459 3891 Weicherti
1493 3820 1618 3912 sylloge
1649 3841 1724 3888 cum
1756 3819 1819 3887 alia
1850 3819 2033 3910 quaedam,
2062 3829 2131 3882 tum

436 3931 479 3996 ir.
502 3929 566 4013 ΙΙΙ,
590 3953 626 4020 p.
648 3930 704 3997 59.
749 3927 833 3996 Nam
855 3927 1022 4021 Fulgentii
1043 3933 1172 4026 vulgatu
1192 3937 1354 4026 scriptura
1383 3937 1517 4003 Ennius
1549 3935 1709 4004 Celestide
1730 3933 1897 4000 comoedia
1920 3955 2029 4023 usquc
2051 3929 2131 3996 hac·

435 4045 489 4111 vio
513 4065 622 4134 neque
643 4043 806 4111 Alcestidi
827 4065 1024 4136 magnopere
1045 4047 1143 4117 lavet.
1187 4048 1298 4135 Quare
1326 4073 1388 4118 nec
1416 4073 1492 4117 cnm
1518 4047 1790 4132 Weieherto,
1821 4047 2131 4134 Hermannoque
2250 4091 2251 4096 .

435 4159 545 4226 Praei.
569 4159 686 4226 diceet
703 4183 738 4248 p.
764 4157 893 4225 xvffl.
912 4159 962 4228 de
983 4161 1105 4231 Laevia
1127 4163 1325 4256 cogitemus,
1359 4187 1470 4255 usquc
1491 4185 1565 4231 com
1587 4162 1761 4230 Glumio
1788 4161 1829 4228 de
1850 4159 1977 4226 Alcest.
2013 4183 2049 4248 p.
2073 4159 2130 4224 39.
2250 4145 2251 4202 l

435 4276 477 4342 de
497 4273 669 4356 Enniana,
691 4271 722 4338 si
743 4271 794 4338 dis
814 4273 944 4362 placet,
965 4277 1133 4345 comoedis
1155 4277 1333 4346 Alcestidc.
1379 4277 1481 4345 Ennii
1504 4277 1637 4369 quidem
1658 4299 1778 4344 nonen
1799 4283 1986 4342 constanter
2001 4284 2132 4340 servant

434 4387 576 4454 codices.
620 4387 829 4478 Inspeximus
844 4388 926 4456 dnos
949 4389 984 4456 iu
1001 4389 1199 4462 hihliothe'cs
1216 4391 1543 4464 Wcll'euhuttelanas
1566 4415 1706 4485 quorum
1730 4391 1813 4458 alter
1833 4411 1918 4456 sscc.
1941 4385 1990 4454 X.
2012 4387 2129 4453 lrshat=

432 4503 567 4568 Ennius
588 4506 626 4568 irc
651 4501 810 4570 Telestide
831 4505 1017 4590 comoediu3
1038 4505 1121 4572 alter
1143 4529 1227 4575 suec.
1252 4505 1332 4574 XV.
1365 4509 1501 4586 Ennius
1521 4511 1560 4576 irs
1586 4507 1769 4574 Thelestidc
1789 4503 1949 4572 comedia.
1975 4539 2020 4555 -
2061 4499 2130 4566 Sed

433 4641 452 4682 a
476 4639 553 4681 vcro
573 4615 735 4685 aberravit
754 4615 797 4683 G.
827 4615 1078 4710 Bernhardy
1097 4619 1186 4688 llist.
1209 4621 1290 4690 Litt.
1314 4621 1413 4690 Rom.
1438 4647 1473 4714 p.
1497 4623 1604 4706 aot„
1625 4643 1701 4689 com
1722 4643 1837 4688 versus
1863 4615 2008 4687 senarios
2038 4614 2131 4682 lucu-

434 4730 651 4813 lentissimos,
674 4753 758 4822 quos
779 4741 933 4822 tauquam
959 4755 1001 4798 cx
1022 4733 1204 4803 Terentilia
1224 4733 1340 4806 Naevii
1371 4739 1473 4805 citant
1504 4735 1635 4804 Nonius
1666 4745 1700 4802 et
1728 4735 1898 4817 isidorus,
1927 4727 2130 4798 emendatius

433 4845 573 4936 scriptos
596 4843 671 4910 illos
692 4845 733 4910 ah
760 4846 803 4911 Α.
829 4845 1046 4916 hleiuelrio
1069 4850 1104 4916 in
1125 4847 1299 4917 hleuandri
1318 4851 1430 4946 Reliq.
1453 4875 1488 4946 p.
1505 4851 1583 4939 ⁷5„
1612 4849 1734 4920 laesio
1754 4847 1949 4920 tribuendos
1976 4843 2126 4914 coniicit.

433 4950 486 5018 Ex
508 4949 674 5020 comoedia
695 4949 807 5041 aliqua
829 4975 988 5022 essenon
1012 4967 1123 5045 potest
1144 4955 1278 5048 ambigi.
