4514 5830
1242 427 1282 512 4

418 634 515 712 dore.
567 635 643 709 Nos
668 657 752 708 vero
776 630 871 733 quod
895 631 1159 706 semotissimam
1176 629 1420 706 immortalium
1443 632 1595 706 virorum
1618 635 1814 708 memoriam
1834 659 1896 734 per
1915 633 2106 712 bmescri·

417 763 522 844 bendi
545 767 762 840 occasionem
788 767 846 862 pio
866 766 982 837 animo
1003 762 1208 856 recolimus,
1232 761 1269 836 id
1293 761 1375 838 licet
1399 763 1487 836 forte
1515 787 1669 864 msuqoe
1692 767 1825 839 invitati
1844 765 1968 840 secisse
1993 763 2108 841 videa·

419 923 520 992 mur,
542 899 714 972 neminem
749 896 862 994 fugit,
897 919 1001 992 quam
1033 905 1110 968 arto
1142 894 1295 968 internae
1333 893 1507 967 affinitatis
1542 893 1684 971 duculo
1717 897 1894 997 ingenium
1926 897 2109 998 studiaque

419 1028 575 1130 ipsorum
590 1026 721 1102 luerint
746 1026 943 1124 coniugata.
993 1025 1133 1099 Etenim
1148 1037 1269 1098 natura
1293 1036 1477 1124 utrumqne
1498 1023 1645 1100 finxerat
1669 1025 1896 1122 historicum,
1922 1039 2109 1128 utrumque

418 1155 646 1258 philologum.
699 1155 744 1228 1n
768 1143 916 1253 utroque
941 1179 1067 1255 genere
1091 1153 1291 1228 eruditionis
1322 1157 1370 1230 ita
1397 1154 1558 1229 excelluit
1582 1167 1726 1256 uterque
1755 1183 1865 1257 eaque
1889 1183 1993 1258 opera
2026 1183 2110 1234 con·

419 1287 528 1382 didit,
548 1299 606 1382 nt,
634 1295 737 1384 prout
751 1283 822 1358 huo
842 1285 899 1358 vel
921 1285 1005 1358 illac
1030 1284 1149 1358 ocutus
1175 1288 1407 1380 converteris,
1434 1285 1602 1380 haesites,
1628 1286 1976 1363 excellentissimosne
1995 1290 2110 1388 polim

418 1417 623 1510 historicos,
650 1441 694 1488 an
719 1441 872 1490 summos
894 1413 1088 1514 philologos
1112 1413 1333 1514 appellandus
1361 1442 1516 1490 censeas.
1570 1417 1743 1491 Nimirum
1770 1421 1817 1492 ita
1840 1445 1879 1493 se
1901 1445 1958 1494 res
1989 1419 2107 1512 habet,

418 1550 537 1648 utqui
559 1545 604 1620 ad
635 1545 813 1620 historiam
837 1546 1056 1644 antiquorum
1082 1543 1286 1644 populorum
1317 1545 1589 1647 investigandam
1619 1549 1770 1622 animum
1802 1549 1996 1648 appulerit,
2029 1575 2110 1624 eum

419 1689 575 1780 oporteat
599 1675 727 1752 bonum
747 1673 960 1775 philologum
981 1702 1057 1750 esse
1068 1703 1080 1771 3
1105 1701 1224 1750 rursus
1242 1687 1283 1750 ut
1303 1679 1357 1770 is,
1385 1679 1445 1777 qui
1467 1676 1636 1779 philologi
1655 1675 1950 1754 voluerit’nomen
1971 1682 2107 1772 mereri,

419 1805 586 1885 historico
614 1819 727 1898 certe,
761 1831 863 1904 quem
885 1805 1053 1897 dicimus,
1089 1831 1190 1880 sensu
1217 1805 1392 1904 praeditus
1426 1833 1502 1882 esse
1529 1808 1664 1884 debeat.
1725 1810 1820 1884 lllud
1844 1822 1958 1883 autem
1989 1835 2107 1884 eorum

419 1952 552 2020 tautum
577 1951 658 2031 est,
693 1939 755 2037 qui
782 1950 939 2014 usturam
969 1936 1151 2012 fautricem
1177 1938 1271 2012 nacti
1301 1937 1346 2010 ad
1372 1939 1502 2038 ingenii
1530 1942 1774 2040 praestantiam
1803 1939 1969 2014 indelessi
2004 1940 2109 2015 studii

419 2072 679 2172 perpetuitatem
704 2066 919 2170 adiungunt,
947 2077 986 2140 ut
1010 2067 1138 2166 pariter
1165 2069 1200 2142 iu
1229 2079 1376 2168 utroque
1398 2095 1524 2170 magno
1555 2097 1635 2146 cum
1657 2071 1774 2144 fructu
1793 2069 1985 2144 elaborent.
2040 2071 2108 2146 Va-

420 2227 497 2278 uran
519 2202 556 2276 iu
579 2225 684 2302 quem
704 2198 840 2286 taudem
869 2198 906 2272 id
932 2197 1042 2298 margi
1070 2195 1190 2272 cadere
1215 2195 1481 2294 arbitrabimur,
1504 2227 1608 2300 quam
1638 2203 1676 2276 in
1699 2200 1952 2278 laudatissimus
1986 2200 2109 2276 duum·

420 2331 538 2406 virus?
586 2331 679 2404 Nam
697 2341 736 2403 ut
757 2354 927 2402 summam
948 2327 1139 2403 studiorum
1160 2327 1202 2404 ad
1218 2328 1396 2406 historiam
1417 2329 1635 2408 scribendam
1658 2330 1894 2440 contulerant,
1921 2333 1968 2406 itu
1990 2331 2106 2424 iidem,

421 2464 521 2562 quasi
552 2461 621 2536 hoc
655 2471 818 2570 egerunt,
860 2460 896 2532 in
928 2457 1156 2560 scriptoribus
1190 2459 1364 2536 aderibus
1391 2459 1624 2536 emaculandis
1656 2461 1914 2560 litterarumque
1950 2459 2109 2562 apicibus

422 2593 556 2688 curiose
589 2589 755 2664 rimandis
788 2613 927 2688 operam
960 2589 1178 2688 studiumque
1206 2587 1301 2664 haud
1329 2615 1435 2692 segne
1460 2591 1631 2666 collocare
1654 2618 1724 2666 non
1751 2589 1976 2666 erubuerunt.
2029 2591 2108 2667 cri-

421 2726 508 2798 ticae
531 2736 644 2796 autem
675 2721 758 2793 artis
783 2718 896 2792 officia
923 2743 1004 2792 eum
1032 2719 1103 2792 sint
1128 2721 1221 2795 varia
1252 2733 1287 2794 et
1309 2723 1346 2794 in
1373 2721 1498 2795 multas
1524 2735 1638 2820 portes
1666 2721 1812 2814 dill'usa,
1851 2722 2052 2794 Nasauuurus
2074 2733 2110 2793 et

420 2853 623 2928 Musuncnus
647 2849 742 2922 inid
766 2851 982 2949 potissimum
1003 2847 1210 2945 incubuere,
1235 2851 1330 2950 quod
1357 2877 1436 2924 eom
1462 2851 1628 2926 historico
1650 2851 1765 2925 studio
1785 2853 2006 2924 coniunctum
2023 2853 2108 2924 seri·

420 2995 536 3084 ptores
561 2979 606 3055 ad
631 2979 734 3054 fidem
762 2991 976 3056 vetustorum
1006 2979 1164 3056 codicum
1184 2980 1373 3082 prudenter
1389 2983 1590 3081 pensitatam
1612 2983 1719 3082 exigit
1743 2983 1974 3080 scrutatisque
1996 2981 2107 3054 diver-

419 3140 536 3188 sorum
563 3111 710 3187 lentium
735 3114 867 3211 origine
891 3123 925 3186 et
949 3113 1151 3186 auctoritate
1174 3111 1243 3218 lata
1268 3111 1458 3206 librorum,
1485 3112 1619 3188 diversa
1642 3111 1701 3186 illa
1729 3123 1764 3186 et
1790 3107 1905 3206 uaria,
1933 3112 1978 3186 sd
2002 3111 2107 3186 histo·

421 3247 491 3319 riae
516 3268 671 3318 normam
698 3243 849 3336 indicat,
877 3241 1001 3341 hisque
1026 3243 1202 3318 illustratis
1225 3246 1336 3342 ipsam
1359 3243 1631 3319 emendationem
1659 3241 1774 3317 stabili
1801 3241 2027 3318 fundamento
2048 3269 2104 3316 su·

420 3387 647 3475 perstrwmm
674 3369 884 3476 aggreditur.
939 3373 989 3446 Et
1007 3374 1207 3448 Nmnuuarus
1233 3373 1372 3474 quidem
1396 3373 1480 3472 quid
1499 3376 1536 3447 in
1555 3373 1623 3448 hoc
1639 3399 1766 3473 geom
1783 3374 1992 3473 praestiterit
2007 3399 2108 3447 nemo

420 3508 568 3606 murat.
621 3504 740 3598 Idam,
765 3515 806 3580 ut
826 3500 871 3578 ab
891 3515 964 3578 arta
989 3502 1203 3604 philologus,
1231 3528 1298 3580 nec
1320 3503 1365 3578 ad
1390 3529 1451 3578 aos
1472 3505 1658 3602 scriptores
1684 3502 1893 3578 descendere
1920 3529 2106 3602 apersona

422 3660 483 3712 aua
501 3635 651 3712 ebenum
676 3637 829 3733 putavit,
853 3659 943 3732 quoa
963 3633 1090 3733 vulgus
1115 3643 1276 3734 tanquam
1301 3635 1413 3734 capita
1432 3657 1554 3710 censos
1574 3645 1610 3707 et
1622 3635 1800 3734 gregatim
1816 3633 1964 3728 fastidit,
1982 3633 2109 3710 Gram-

422 3767 564 3842 maticos
583 3762 744 3840 dicimus.
799 3763 997 3838 Ουοιιιιιιυι
1022 3777 1135 3840 autem
1158 3765 1360 3842 btunmuaus
1384 3775 1501 3839 nouer-
1524 3761 1610 3863 quid
1635 3762 1753 3840 divino
1770 3765 1910 3864 ingenio
1926 3791 1991 3840 suo
2005 3764 2110 3838 etiam

421 3897 457 3970 in
483 3896 604 3972 critico
628 3919 753 3993 genere
777 3893 912 3968 efficere
937 3909 1074 3993 posset,
1098 3896 1404 3976 manifestaverunt
1419 3894 1489 3969 duo
1512 3897 1659 3970 maxime
1678 3921 1782 3994 opera
1803 3905 1958 3970 aeterum
1981 3891 2108 3970 Gram-

423 4027 625 4100 matieorum
647 4049 668 4096 a
692 4051 730 4099 se
753 4026 963 4119 instaurata,
993 4026 1049 4102 M.
1078 4027 1164 4100 Ter.
1195 4026 1364 4102 Varronis
1393 4039 1429 4104 et
1452 4025 1539 4102 Sex.
1565 4025 1693 4124 Pomp.
1721 4024 1832 4100 Festi.
1893 4026 1953 4100 lix
1981 4024 2110 4124 quibua

420 4154 502 4234 solia
519 4166 557 4230 at
571 4153 791 4232 Muelleriani
807 4157 935 4255 ingenii
955 4158 1163 4254 praestantia
1172 4156 1349 4237 censenda
1364 4169 1468 4251 comt,
1488 4167 1603 4230 tamen
1619 4157 1655 4230 in
1670 4181 1884 4230 summorum
1903 4155 2017 4228 omnis
2031 4157 2108 4230 aeui

420 4285 674 4388 philologorum
703 4312 884 4362 numerum
913 4287 1151 4364 asciscendum
1179 4287 1290 4364 iubae
1318 4311 1397 4363 cum
1426 4285 1659 4380 affirmamus,
1691 4313 1764 4362 uon
1794 4309 1972 4378 veremur,
2003 4311 2048 4359 ne
2073 4283 2110 4358 id

421 4420 604 4494 iactantius
629 4443 735 4517 quam
755 4415 859 4490 labne
887 4415 1015 4492 dimsse
1038 4417 1227 4498 videamur.
1287 4418 1393 4494 Nunc
1419 4417 1584 4517 quantula
1609 4418 1674 4492 iata
1698 4441 1780 4516 pars
1806 4441 1947 4509 mm,
1982 4415 2111 4516 quibus

422 4547 467 4624 ad
492 4551 726 4647 antiquitatem
751 4545 855 4622 altius
879 4547 1122 4646 penetrandam
1145 4552 1254 4630 facem
1279 4548 1460 4650 praetulit!
1500 4548 1617 4642 Quam
1631 4546 1714 4638 illa,
1743 4547 1858 4620 siritu
1876 4548 2106 4646 suppetiisset,

423 4677 563 4776 reliquia
584 4677 746 4752 omnibus
769 4677 826 4751 ael
850 4680 998 4778 egregiis
1014 4682 1152 4780 scriptis
1164 4683 1235 4758 suis
1256 4680 1415 4758 absoluto
1440 4679 1602 4780 primario
1625 4703 1751 4778 opere,
1773 4677 1869 4778 quod
1891 4677 2108 4770 moliebatur,

423 4807 581 4886 tmebrm
605 4807 811 4882 inducturus
835 4809 929 4883 erat!
951 4853 996 4867 -

561 4937 636 5014 Sed
676 4939 860 5016 decadum
900 4953 977 5038 est,
1010 4969 1074 5018 cur
1111 4943 1333 5019 sllmaumu
1374 4939 1619 5042 Munitumque
1655 4937 1838 5018 virtutibus
1871 4938 2111 5040 praedicandis
