4544 5844
1248 419 1322 506 10

352 647 355 654 ’
436 615 617 728 mbaltan,
645 628 816 707 conradet·
848 627 909 702 das
934 626 1050 700 aweita
1074 623 1146 696 und
1171 623 1294 715 dritta,
1326 623 1412 698 oder
1441 623 1503 698 das
1536 621 1638 696 dritta
1673 623 1743 698 und
1777 627 1885 700 viarm
1917 627 2013 704 Paar
2038 632 2140 704 eines

437 767 650 860 Quaternio:
678 759 832 834 niimlich
856 759 919 832 dus
943 764 1114 828 iiusserste
1139 755 1233 828 Paar
1256 753 1368 852 (lllatt
1390 752 1412 826 l
1433 755 1505 827 und
1521 751 1565 852 8)
1589 753 1676 828 fehlt
1698 758 1839 854 ganisa:
1866 756 1911 832 ob
1932 759 2017 832 aber
2038 761 2142 834 lllatt

437 893 560 968 band
583 893 608 966 7
634 892 742 985 fehlt,
781 889 866 963 oder
892 885 921 960 ll
946 885 1019 960 und
1044 882 1093 978 b,
1125 911 1220 985 uage
1251 883 1310 957 ich
1343 883 1443 958 nicht
1474 913 1516 958 au
1549 885 1787 961 enbcbaideo.
1853 889 1906 960 Es
1939 888 2029 964 fehlt
2061 890 2142 964 also

435 1026 540 1119 alles,
569 1051 637 1098 was
663 1023 725 1098 Sia
750 1025 796 1093 im
822 1014 1184 1092 Inhaltsveraeicbniss
1209 1015 1271 1088 des
1297 1014 1435 1090 liinllen
1457 1015 1580 1090 Buchs
1604 1014 1659 1090 bei
1685 1017 1876 1092 Putsehius
1902 1017 1955 1094 hia
1986 1021 2052 1094 auf
2072 1021 2142 1094 das

437 1155 573 1256 Capitel
599 1156 644 1226 de
666 1152 823 1225 versibus
846 1147 992 1239 findens
1009 1173 1132 1219 wovon
1157 1137 1394 1219 der'Schlusa
1418 1144 1572 1220 erbalten
1596 1147 1653 1219 ist.
1707 1148 1782 1220 Das
1803 1149 1982 1249 Fulgeude
2002 1153 2046 1224 de
2063 1176 2141 1224 me-

438 1288 502 1362 tria
526 1283 643 1358 uhrde
669 1279 916 1380 vodsffindiger
938 1279 1036 1368 sein,
1064 1301 1162 1348 wenn
1187 1274 1284 1350 nicht
1315 1277 1371 1350 die
1401 1279 1477 1350 aine
1505 1276 1628 1350 Hillle
1665 1276 1727 1352 des
1759 1279 1914 1372 lllattea,
1939 1282 1964 1352 i.
1990 1305 2023 1354 c.
2060 1282 2143 1354 eine

437 1417 632 1508 Columna,
661 1413 860 1512 abgarissan
884 1419 988 1482 wire.
1042 1409 1118 1480 Das
1144 1405 1279 1505 Capital
1300 1407 1346 1479 de
1369 1408 1580 1509 differentia
1598 1405 1699 1482 sollte
1720 1409 1786 1482 auf
1805 1409 1869 1484 das
1894 1411 1938 1483 de
1957 1411 2141 1486 idiomati·

439 1550 502 1622 baa
525 1546 666 1645 folgen,
694 1543 810 1616 womit
835 1539 884 1614 V.
909 1538 1096 1636 anliingt.”

550 1677 625 1750 lam
651 1676 716 1748 tria
742 1670 843 1744 nobis
869 1667 1062 1760 obsistunt,
1087 1692 1175 1765 qnae
1203 1667 1270 1740 nisi
1296 1677 1426 1740 remota
1449 1665 1580 1740 fuerint
1605 1679 1725 1760 antea,
1760 1667 1896 1742 facilem
1921 1695 2061 1744 cursum
2085 1674 2140 1744 vi-

438 1807 563 1882 dentur
588 1804 727 1878 turbare
753 1827 867 1901 possa.
920 1800 1055 1896 Nempe
1088 1799 1261 1896 negotium
1293 1798 1408 1871 atatim
1433 1797 1520 1870 illud
1555 1798 1789 1891 facessiverit,
1825 1800 1911 1897 quid
1944 1803 2011 1894 sit,
2041 1803 2139 1900 quod

438 1935 621 2014 Charisius
648 1933 805 2006 uideatur
829 1957 849 2003 a
871 1955 975 2002 versu
1000 1928 1166 2002 Saturnio
1195 1927 1371 2025 profectus
1393 1953 1495 2023 esse3
1532 1928 1655 2002 deinde
1681 1930 1767 2027 quid
1798 1930 1865 2004 sibi
1899 1930 2006 2004 uelint
2031 1932 2138 2006 rerba

438 2071 524 2159 ista,
551 2091 641 2166 quaa
666 2061 904 2162 apographum
928 2059 1102 2136 lllunnunnr
1130 2056 1325 2155 subscripta
1354 2058 1526 2148 ostendit,
1562 2059 1620 2132 De
1641 2059 1798 2157 Ilgtlamo
1822 2072 1857 2132 et
1879 2073 2001 2134 oseba.
2054 2063 2132 2136 llas

438 2195 577 2297 quidem
615 2194 844 2268 dubitationes
877 2189 980 2264 facile
1013 2215 1210 2286 componas.
1273 2190 1333 2262 Ex
1365 2190 1450 2286 ipsis
1485 2189 1575 2260 enim
1611 2190 1653 2262 iis
1683 2215 1772 2286 quae
1805 2187 2062 2264 Grammaticus
2092 2193 2135 2268 de

438 2353 541 2403 eman
560 2325 724 2400 Saturnio
736 2323 902 2412 disserit,
931 2321 1162 2394 certissimum
1187 2330 1258 2412 ast,
1290 2319 1356 2392 alia
1380 2318 1484 2392 buius
1510 2321 1652 2418 capitis,
1687 2319 1781 2416 quod
1813 2331 1886 2400 erat
1919 2323 1964 2394 dc
1988 2322 2134 2416 Metiri,
2188 2386 2192 2399 ,

440 2457 500 2536 sal
515 2467 683 2532 vetustate
705 2451 886 2550 absumpta
913 2475 989 2522 esse
1010 2449 1066 2522 vel
1083 2448 1267 2550 bibliopegi
1293 2448 1395 2546 culpa
1421 2451 1558 2524 amissa.
1611 2448 1679 2522 llla
1695 2461 1808 2522 autem
1822 2448 1928 2524 verba
1943 2477 2014 2526 non
2029 2453 2135 2526 alium

439 2588 477 2664 in
498 2585 601 2664 finam
628 2585 735 2660 fuisse
759 2582 919 2656 videntur
944 2579 1084 2672 addita,
1111 2605 1213 2678 quam
1237 2591 1277 2652 ut
1293 2579 1475 2652 custodum
1504 2577 1583 2654 loco
1605 2591 1731 2654 essent.
1785 2579 1944 2654 Eandem
1967 2581 2013 2656 ob
2034 2609 2133 2656 caus·

440 2741 514 2792 uam
538 2719 575 2788 in
600 2714 721 2790 ultima
741 2714 867 2814 pagina
894 2712 1128 2809 quaternionis
1151 2711 1240 2784 tertii
1269 2711 1314 2782 dc
1333 2710 1506 2783 Lectione
1530 2711 1718 2806 ascriptam
1734 2735 1810 2782 esse
1828 2721 1973 2786 testatur
1986 2715 2132 2788 Numna-

439 2873 524 2920 ruus.
576 2845 750 2918 Nimirum
775 2844 837 2940 qui
861 2843 929 2914 iam
955 2841 998 2915 de
1022 2867 1124 2914 uersu
1148 2839 1311 2916 Saturnio
1335 2839 1481 2938 aliisque
1506 2840 1623 2912 metris
1646 2841 1885 2936 exposuisset,
1914 2841 2028 2916 fatuus
2048 2845 2134 2920 fuis·

439 2987 512 3070 sat,
538 2975 568 3048 si
593 2985 667 3049 tum
690 2972 828 3048 demum
853 2972 898 3045 ad
918 2971 1073 3072 rhythmi
1093 2974 1260 3070 meaque
1279 2970 1544 3070 explicationem
1570 2965 1797 3044 delaberetur.
1852 2971 2011 3044 Tertium
2027 2999 2133 3071 quae·

439 3117 495 3184 rat
518 3107 709 3204 quispiam,
747 3128 811 3178 cur
831 3105 869 3176 in
900 3101 1037 3176 schedia
1060 3102 1234 3176 Manatum
1259 3127 1329 3174 non
1355 3111 1551 3198 compareat
1580 3098 1810 3198 fragmentum
1835 3098 1923 3174 illud
1948 3103 1993 3174 dc
2024 3106 2131 3176 uerri·
2255 3127 2256 3142 ¹

442 3239 525 3331 baa,
554 3234 648 3335 quod
669 3233 755 3308 uidit
779 3233 996 3306 Nreauumna.
1048 3233 1132 3304 Hoc
1157 3257 1224 3306 nan
1249 3231 1431 3328 descripsit
1446 3229 1673 3322 Mantuanus,
1701 3228 1758 3302 vel
1779 3229 1875 3327 quod
1889 3229 2012 3304 insola
2027 3255 2132 3304 versa

440 3369 607 3448 Saturnio
633 3365 765 3440 delirus
790 3375 863 3438 erat
883 3363 939 3434 vel
965 3363 1059 3462 quod
1085 3363 1120 3435 id
1140 3375 1214 3460 post
1238 3363 1447 3435 Nmrnnnmu
1473 3363 1541 3434 iam
1568 3360 1638 3459 legi
1667 3385 1738 3432 nou
1765 3370 1913 3457 poterat.
1974 3361 2064 3436 Nam
2091 3360 2135 3435 de
2255 3399 2256 3458 p

440 3497 627 3574 miserabili
653 3508 745 3574 sorte
769 3495 856 3572 folii.
874 3495 973 3568 istius
997 3492 1084 3566 haec
1116 3505 1230 3566 namt
1260 3493 1315 3564 vir
1349 3491 1665 3588 praestantissimus
1695 3492 1733 3566 in
1765 3491 1920 3589 margine
1946 3490 2135 3590 apographi

440 3630 569 3710 naabi:
611 3627 722 3698 “Das
748 3627 844 3704 Blatt
868 3630 914 3698 ist
932 3623 1045 3698 durch
1068 3622 1179 3696 hlaine
1205 3620 1346 3696 Liicher
1369 3619 1441 3693 und
1466 3618 1664 3697 chemische
1687 3621 1903 3720 Reagcntian
1930 3619 2013 3694 sehr
2037 3620 2135 3694 unle·

441 3755 567 3831 serlieh
592 3754 801 3856 geworden‚
838 3752 1034 3852 abgcseben
1060 3779 1129 3826 uun
1154 3753 1214 3828 der
1241 3751 1322 3825 sehr
1356 3750 1581 3850 sebwierigen
1615 3747 1766 3824 Schrill.
1828 3750 1963 3822 Durum
1996 3746 2135 3820 hleibcn
2211 3846 2215 3854 Ι
2255 3761 2256 3774 ’

440 3912 559 3988 grosse
583 3883 903 3984 Schnieriglreiten.
956 3881 1022 3956 leh
1044 3881 1134 3956 habe
1159 3883 1211 3960 die
1238 3879 1347 3956 Stella
1380 3879 1524 3954 dreimal
1554 3877 1873 3978 durcbgearbeitet‚
1905 3877 1988 3962 abar
2018 3877 2135 3955 niebts

442 4015 539 4096 mehr
563 4015 634 4096 aad
655 4013 946 4093 nicbta'basscrca
967 4012 1061 4092 lesen
1079 4013 1236 4105 tannen,
1265 4011 1316 4088 ab
1338 4009 1399 4086 ieb
1423 4009 1499 4088 hier
1522 4007 1790 4109 gesehriobaa.⁹'
1842 4011 1945 4086 Hace
1966 4009 2045 4084 Ille.

452 4193 456 4200 ·
543 4141 656 4218 asin
682 4143 794 4216 indice
815 4143 1012 4218 Charisiani
1036 4146 1151 4244 operis
1175 4143 1260 4217 heae
1286 4142 1450 4240 deinceps
1470 4141 1583 4238 capita
1608 4151 1852 4214 recensentur:
1880 4141 1939 4212 De
1956 4138 2132 4237 rltgtlrmo.
2255 4157 2256 4232 j

441 4277 499 4350 De
524 4277 627 4352 matri
649 4274 919 4374 notificatione.
974 4273 1032 4347 Dc
1059 4273 1146 4347 basi.
1189 4273 1257 4348 =De
1279 4275 1442 4372 pedibus.
1496 4269 1555 4343 De
1581 4273 1750 4344 versitas.
1803 4269 1862 4342 De
1892 4269 2026 4342 merra.
2086 4269 2137 4342 Ut

442 4405 617 4480 custodem
646 4405 744 4478 illum
769 4404 827 4479 Dc
849 4405 1005 4504 ltgtlrmo
1037 4416 1072 4478 et
1095 4417 1201 4478 metra
1226 4403 1280 4477 his
1303 4427 1497 4502 repugnare
1520 4404 1709 4501 suspicere.
1764 4399 1898 4475 Verum
1921 4411 2131 4472 sartatecta.

441 4537 614 4612 Videlicet
636 4534 854 4636 significabat
877 4535 1059 4628 librarius,
1089 4533 1207 4608 lolium
1229 4531 1321 4611 istud
1344 4576 1395 4594 -
1426 4558 1506 4614 nam
1532 4535 1591 4604 rix
1617 4545 1777 4632 putamus
1802 4533 2061 4630 quaternionem
2086 4522 2135 4586 -’
2255 4523 2256 4536 ’

441 4667 624 4768 complecti
646 4670 759 4766 capita
780 4668 893 4740 omnia
922 4693 1010 4766 quae
1038 4665 1134 4738 fuere
1155 4667 1244 4738 intar
1265 4667 1413 4764 primum
1438 4677 1472 4738 et
1494 4663 1652 4736 ultimum
1679 4661 1737 4735 De
1762 4661 1923 4762 rhythmo
1947 4672 1981 4734 ct
1998 4661 2044 4732 dc
2064 4683 2134 4732 mc·

442 4801 518 4874 tris.
572 4796 737 4872 Profecto
763 4795 923 4872 abutatur
946 4796 1089 4872 custode
1110 4795 1191 4875 illo,
1224 4798 1255 4868 ai
1284 4799 1363 4895 quia
1391 4795 1474 4869 binc
1509 4791 1634 4868 indicis
1666 4792 1758 4868 illius
1791 4793 1894 4868 fide·
1927 4789 2135 4866 labefactare

443 4941 601 5006 conetur.
