4544 5844
512 643 593 718 Hac
619 665 683 742 spe
707 637 843 742 depulsi
863 639 958 716 illico
981 636 1027 716 G.
1055 635 1105 714 0.
1129 635 1337 714 limarum
1363 647 1539 733 noatrnm,
1567 649 1652 716 tnnc
1675 639 1790 716 Roma
1820 641 1993 744 Neapolim
2015 666 2093 744 prn-

401 776 572 852 lrcturnm
596 771 826 874 rogabamus,
853 773 939 846 utri
969 796 1040 846 non
1065 769 1245 846 molentum
1270 781 1362 844 esset
1382 769 1481 843 illum
1509 767 1711 844 thesaurum
1735 771 1928 848 recluderet
1950 775 2099 876 eiusque

396 931 497 980 usum
513 903 614 979 nobis
628 905 829 1004 impertiret.
881 902 958 978 Neo
975 925 1085 976 mura.
1124 899 1193 974 nte
1207 899 1278 976 lv.
1301 901 1431 975 mensis
1443 897 1627 974 Februarii
1642 903 1798 1000 proxime
1808 905 1996 1002 superioris
2012 907 2101 980 anni

399 1061 469 1110 nnc
484 1061 565 1110 cuna
590 1035 834 1108 amantissimis
858 1031 982 1106 litteris
1003 1029 1098 1132 ‹prud
1119 1041 1361 1132 optaveramus
1385 1033 1592 1131 recepimus.
1645 1029 1752 1124 Quod
1774 1033 1881 1132 igitur
1895 1033 2101 1112 Nurumrnc

400 1165 457 1240 uel
481 1165 597 1238 l'accre
622 1163 694 1236 lato
714 1173 920 1262 praeventus
945 1185 1016 1238 non
1040 1163 1171 1262 patuit,
1196 1160 1275 1255 rel,
1303 1161 1407 1236 silas
1422 1173 1477 1236 est
1499 1159 1636 1254 dicere,
1662 1173 1805 1261 propter
1823 1161 2025 1240 maormem
2046 1167 2099 1242 roi

401 1295 637 1370 difficultatem
664 1293 779 1368 facere
800 1295 1047 1394 tergiversatus
1072 1301 1147 1385 est,
1180 1289 1218 1366 id
1243 1315 1324 1366 cnm
1343 1316 1409 1366 uos
1430 1293 1506 1366 anai
1536 1317 1681 1386 sumus,
1712 1293 1816 1368 lacile
1848 1295 1896 1368 in*
1911 1295 2100 1396 repreben-

401 1429 533 1501 sionem
556 1422 735 1498 bominum
759 1423 937 1496 incurrero
961 1423 1164 1522 poterimus.
1215 1421 1291 1496 Nos
1312 1447 1395 1496 reru
1419 1421 1596 1496 illusum
1619 1420 1820 1523 apograplro
1852 1437 2040 1524 conspecto
2062 1439 2099 1502 et

399 1555 553 1655 repetitis
574 1551 711 1628 vicibus
737 1550 944 1650 perlustrato
964 1553 1011 1626 ita
1031 1549 1076 1626 de
1100 1551 1188 1626 iusta
1212 1551 1440 1651 explicatione
1465 1552 1697 1628 memorabilis
1722 1553 1791 1627 loci
1813 1553 2096 1654 desperabam,

400 1695 441 1760 nt
462 1683 507 1758 ad
532 1682 627 1758 bunc
654 1681 745 1756 diem
770 1683 809 1756 in
837 1684 975 1756 scriniis
998 1682 1126 1758 aoscds
1150 1683 1402 1758 retinuerimus.
1463 1681 1592 1776 Nunc,
1623 1685 1759 1784 siquis
1787 1686 1823 1757 in
1856 1684 2099 1784 pertractanda

401 1813 603 1890 difficillim
630 1813 831 1912 quaestione
852 1839 918 1888 nos
948 1811 1134 1886 identidem
1154 1811 1269 1912 lapsos
1293 1837 1370 1887 ease
1401 1811 1547 1907 viderit,
1578 1837 1623 1887 ae
1647 1813 1913 1914 imprudentiam
1946 1829 2098 1892 umnam

401 1943 561 2020 acerbius
586 1953 727 2042 carpat,
749 1942 818 2018 lanc
840 1969 920 2018 eum
947 1953 1108 2042 reputare
1129 1941 1306 2037 iubemus,
1338 1967 1403 2018 nos
1428 1942 1496 2018 lanc
1520 1941 1694 2018 scribeod
1727 1969 1853 2020 munus
1878 1959 2013 2048 praeter
2036 1973 2100 2022 eu²

401 2074 629 2175 pretationem
655 2074 847 2180 iniunctum
873 2072 930 2148 uel
952 2084 1132 2174 propterea
1155 2097 1224 2146 non
1250 2071 1483 2167 detrectasse,
1523 2085 1563 2146 ut
1586 2072 1764 2150 Muranum
1792 2080 1990 2151 memoriam
2015 2101 2098 2152 curn

400 2207 579 2278 Nrcuunau
604 2205 822 2278 coniunctum
845 2202 1025 2278 commode
1049 2201 1311 2278 celebraremus.
1363 2203 1454 2276 Nam
1481 2213 1600 2278 conos
1625 2203 1826 2304 religionem
1850 2207 1977 2281 lactari
2001 2208 2097 2283 vide·

400 2335 547 2428 bamur,
571 2335 603 2406 si
628 2335 715 2407 Erus
740 2359 866 2408 nomen
890 2336 1085 2410 inornatum
1117 2333 1318 2424 sileremus,
1351 2333 1432 2432 qai,
1468 2331 1552 2406 dum
1585 2335 1622 2406 in
1650 2335 1738 2406 visis
1764 2347 1876 2430 esset,
1906 2335 1975 2416 boc
2005 2337 2097 2413 idem

402 2492 528 2540 munus
553 2463 727 2540 scribendi
751 2488 876 2564 magna
902 2489 982 2538 cunr
1007 2461 1109 2538 laude
1135 2485 1269 2562 semper
1293 2461 1435 2537 obisset.
1488 2463 1562 2538 nic
1586 2465 1693 2564 igitur
1716 2462 1854 2539 libellus
1879 2469 2096 2567 professione

401 2599 536 2699 pietatis
559 2593 614 2670 vel
639 2593 798 2668 laudatus
822 2597 887 2668 erit
911 2594 968 2668 vel
991 2605 1188 2670 excusatas.
1243 2587 1313 2676 Eis
1339 2590 1451 2699 α’νήρ,
1471 2605 1510 2667 nt
1533 2605 1587 2668 est
1611 2595 1648 2666 in
1674 2594 1876 2694 proverbio,
1904 2593 1946 2680 ου’
1968 2594 2097 2684 πάνθ’

401 2725 487 2834 ὁρᾷ,
518 2751 582 2800 nec
608 2751 761 2826 unquam
786 2737 838 2799 est
861 2727 937 2799 iure
961 2724 1213 2824 reprehensam,
1244 2725 1305 2823 qui
1333 2723 1378 2798 ad
1406 2723 1623 2826 spicilegium
1654 2725 1740 2824 quid
1766 2725 1941 2825 reliquerit
1971 2729 2027 2804 vel
2051 2727 2100 2803 de

401 2885 443 2934 eo
465 2855 560 2960 quud
581 2881 701 2928 rerum
726 2865 799 2948 est,
834 2855 870 2928 in
893 2852 949 2928 lais
970 2856 1176 2952 praesertim
1196 2852 1367 2949 tenebris,
1395 2856 1532 2954 saepius
1558 2853 1794 2928 declinaverit.

515 2985 632 3062 Verba
655 2985 834 3084 scriptoris
858 2987 933 3084 ipsa
951 2984 1059 3084 lapidi
1074 2986 1184 3064 incisa
1197 2983 1429 3060 exhibuimus.
1483 2985 1623 3060 Etenim
1649 2983 1704 3058 lais
1729 2987 1815 3085 ipsis
1837 2983 1960 3062 diebos
1974 2985 2093 3064 Mnac-

400 3143 473 3192 csar
496 3113 732 3216 ephemeriden
756 3116 871 3188 Roma
893 3115 1015 3190 allatae
1035 3127 1132 3191 sunt.
1193 3115 1239 3190 ln
1263 3115 1391 3216 quibus
1425 3141 1505 3190 cnm
1531 3117 1586 3190 vir
1616 3118 1930 3214 praestantissimus
1963 3117 2092 3194 codicia

400 3251 509 3350 ipsius
541 3245 780 3322 condicionem
815 3244 1075 3346 litterarumque
1107 3245 1229 3322 ductus
1261 3249 1480 3341 accuratius,
1517 3271 1622 3346 qnam
1653 3247 1691 3319 in
1722 3245 1923 3347 apographo
1957 3259 2089 3341 nostro,

401 3382 663 3480 consignasset,
690 3401 754 3476 par
777 3374 959 3450 videbatur
981 3387 1017 3450 et
1040 3389 1328 3470 conaenhnenm,
1353 3375 1464 3450 oculis
1489 3375 1742 3476 philologornm
1768 3377 1927 3479 religiose
1959 3382 2092 3454 assimi-
2157 3459 2160 3464 ,

400 3510 490 3584 latos
515 3533 721 3609 proponere.
774 3506 838 3582 Sic
869 3520 903 3582 et
928 3532 1033 3606 quana
1065 3505 1192 3582 ardum
1215 3504 1434 3580 describendi
1463 3505 1568 3579 fuerit
1592 3505 1722 3616 labor,
1746 3521 1782 3583 ct
1806 3519 1946 3584 noemae
1972 3511 2094 3612 expla-

399 3637 505 3712 nandi
527 3649 643 3737 partes
667 3661 771 3736 quam
796 3639 867 3710 sint
890 3639 927 3708 in
950 3635 1109 3731 lubrico,
1132 3639 1257 3738 optime
1284 3636 1533 3710 aestimabitur.

518 3765 693 3842 Volumus
717 3776 831 3838 autem
857 3769 1006 3865 primum
1033 3767 1077 3842 de
1101 3769 1218 3874 codice
1238 3770 1317 3867 ipso
1342 3766 1459 3867 paullo
1486 3767 1681 3842 accuratius
1706 3765 1834 3844 dicere.
1886 3769 1930 3845 ld
1953 3773 2044 3846 enim
2070 3797 2093 3845 a

400 3893 641 3971 Lindemaonc
666 3895 861 3996 neglectum
888 3922 957 3970 non
979 3909 1032 3972 est
1053 3923 1073 3972 a
1100 3923 1222 3974 causan
1246 3909 1364 3972 noatm
1389 3895 1561 3994 alienum,
1597 3895 1690 3973 unde
1707 3915 1710 3922 “
1726 3899 1914 3994 clarescat,
1942 3927 2007 3976 cur
2030 3905 2093 4004 qni

400 4024 548 4102 eundem
570 4024 720 4100 Charisii
747 4026 901 4102 codicem
927 4028 1087 4104 manibus
1107 4039 1351 4123 versaverunt,
1378 4027 1446 4104 lanc
1471 4039 1577 4128 capnt
1598 4031 1890 4127 praetermiserint
1913 4030 1959 4104 ad
1983 4059 2092 4108 annm

401 4181 534 4232 omnes.
587 4157 784 4256 Descripsit
822 4157 975 4232 codicem
1010 4158 1232 4236 Gataldus
1264 4159 1524 4234 lannellius
1554 4159 1590 4230 in
1631 4155 1805 4260 Catadupa
1842 4160 2092 4237 Bibliothecae

400 4289 556 4364 Latiare
580 4289 708 4360 ueteris
730 4297 769 4360 et
790 4287 962 4362 classicae
984 4293 1266 4392 manuscriptae,
1292 4313 1384 4391 quur
1400 4290 1437 4360 ira
1450 4287 1567 4389 Repio
1583 4287 1827 4388 Neapolitano
1849 4288 1979 4366 Museo
1998 4292 2095 4366 Bor·

400 4419 526 4492 donico
552 4419 779 4509 adseruntur,
805 4418 969 4518 Neapoli
990 4417 1363 4498 Macetum
1392 4443 1429 4517 p.
1447 4415 1487 4491 5.
1511 4445 1566 4492 nr.
1591 4417 1699 4495 vul.
1751 4419 1828 4492 Nos
1850 4423 1984 4518 potiora
2008 4419 2093 4498 deli·

306 4609 310 4624 .
399 4545 538 4621 bamus.
595 4541 756 4622 “Gades
778 4546 1059 4634 membranaceus
1077 4553 1113 4624 in
1134 4547 1218 4626 idio
1241 4550 1336 4643 lato,
1361 4573 1424 4626 seu
1442 4547 1555 4623 forma
1583 4547 1691 4621 l'ermc
1708 4547 1897 4648 qnadruta,
1925 4551 2094 4651 binasque

400 4703 563 4750 veranum
588 4677 766 4753 columnas
790 4679 827 4751 in
851 4679 998 4780 singulis
1031 4673 1165 4782 paginis
1196 4678 1341 4754 babens.
1411 4679 1594 4778 Scriptura
1629 4679 1786 4751 cursirae
1817 4679 1869 4754 itt
1892 4693 1930 4753 et
1955 4681 2091 4777 curiali,

399 4833 504 4908 quam
531 4819 676 4901 cocunt,
705 4833 863 4910 quaeque
887 4811 923 4882 in
949 4811 1100 4911 Pappris
1124 4809 1351 4914 diplomaticia
1378 4819 1556 4907 superest,
1583 4808 1649 4882 etsi
1674 4807 1801 4884 clarior
1825 4822 1860 4893 et
1883 4807 2093 4905 distinctior,

400 4939 541 5038 propior
576 4950 690 5012 tumen
714 4953 766 5013 est
791 4952 825 5012 et
850 4941 1017 5037 similior,
1048 4967 1154 5043 qnam
1189 4937 1357 5016 rotundae
1386 4937 1439 5012 illi
1461 4950 1497 5013 et
1517 4939 1675 5040 amplae,
1711 4941 1863 5040 quaein
1883 4939 2096 5020 membranis
