4544 5844
1252 457 1323 545 11

441 667 578 742 Nouius
603 689 641 764 p.
671 657 764 756 138,
792 655 832 735 6.
860 660 984 736 Panse
1004 669 1057 736 ert
1079 663 1176 762 φιιίι
1204 663 1359 738 altwise
1383 665 1450 738 rei.
1503 661 1626 740 Attius
1647 663 1834 767 Epigono.-

536 883 539 890 Ι
621 793 700 868 Sed
732 797 802 868 ianr
836 791 1114 894 Amptttmtam
1145 793 1215 870 lac
1253 795 1383 868 vadere
1406 819 1518 894 ,cerro
1559 805 1595 870 et
1623 797 1725 870 aclis
1756 798 1861 870 datur
1893 797 1986 872 lona
2012 813 2141 898 pausa

592 983 598 1000 .
691 924 872 1026 loquersdi.

440 1059 543 1152 Quos
566 1079 752 1148 numeros,
786 1056 854 1128 nisi
886 1077 980 1128 nunc
1008 1079 1028 1126 a
1055 1051 1216 1130 Charisia
1252 1053 1419 1130 admoniti
1454 1079 1630 1148 ememus,
1670 1069 1874 1155 snspsestcs
1909 1058 2135 1161 logsnsdieos

441 1215 515 1264 esse
537 1187 755 1262 crederemus
806 1184 898 1258 Nam
919 1210 1058 1278 eornm,
1086 1187 1147 1285 qui
1171 1185 1382 1285 Fragmenta
1412 1197 1564 1262 veterum
1589 1197 1766 1285 poctarum
1785 1191 2000 1264 scenicorum
2022 1192 2136 1266 colle·

440 1331 587 1421 gerunt,
614 1315 790 1388 licentia
780 1341 817 1388 ιιι
840 1312 894 1388 tis
920 1331 1059 1414 qnoque
1082 1316 1130 1390 ita
1157 1327 1315 1416 grusats
1347 1325 1422 1410 est,
1458 1319 1516 1390 vix
1540 1327 1579 1392 ut
1609 1319 1680 1392 irae
1711 1329 1893 1470 temperes.
1954 1321 2010 1396 Its
2036 1325 2135 1398 enim

442 1455 747 1548 transposuerant.

998 1573 1114 1648 Sed
1098 1601 1169 1648 sarr
1198 1574 1476 1675 Aurpliloelrrra
1499 1575 1569 1650 lae
1592 1576 1722 1650 vadem

673 1702 789 1780 Gema
815 1717 850 1780 et
876 1705 1045 1807 loquendi
1064 1733 1177 1804 passa
1201 1708 1294 1780 loss
1322 1707 1424 1779 ιιοΙιίι
1446 1708 1564 1780 datar.

439 1829 541 1933 Quae
564 1837 735 1912 temeritas
762 1847 833 1910 tam
860 1836 946 1909 altas
971 1835 1106 1910 radices
1125 1838 1215 1936 egit,
1244 1847 1283 1910 nt
1307 1835 1528 1930 Bothius,
1563 1836 1621 1908 cni
1648 1845 1701 1910 cst
1734 1835 1782 1908 l’r.
1802 1834 1844 1912 ³.
1871 1865 1908 1938 p.
1936 1837 2051 1934 199„
2079 1867 2126 1916 nc

441 1969 549 2044 verbo
578 1967 715 2066 quidem
741 1969 866 2039 veteris
894 1969 1084 2065 scripturae
1112 1965 1340 2040 diversitatem
1371 1967 1699 2041 commemoraverit.
1758 1964 1862 2042 Adeo
1894 1968 2129 2046 indubitabilis

438 2099 497 2174 illa
519 2096 639 2172 lubido
664 2099 750 2168 viss.
804 2094 978 2189 Omnino,
1019 2096 1202 2172 dicendum
1227 2099 1318 2171 enim
1344 2107 1418 2188 est,
1447 2122 1549 2194 saepe
1570 2095 1654 2170 iacit
1681 2095 1949 2197 indignationem
1983 2099 2125 2174 audacis

436 2229 616 2304 nominum
642 2225 823 2300 doctorum
842 2225 1054 2302 incredibilis
1081 2227 1203 2326 plane,
1229 2253 1298 2327 qus
1322 2227 1525 2301 Latinorum
1550 2237 1726 2325 poetarum
1739 2228 1892 2302 frmtala
1913 2231 1949 2300 in
1968 2231 2126 2308 ordinem
2216 2239 2223 2252 '

438 2361 570 2436 scilicet
596 2369 738 2458 coguut.

550 2487 713 2562 Ceteram
739 2487 1010 2564 Weteterus
1033 2511 1069 2586 p.
1095 2483 1191 2588 275,
1244 2483 1493 2562 Alcmaeonem
1512 2489 1548 2560 in
1571 2487 1629 2560 illa
1650 2485 1753 2562 verba
1774 2503 2008 2590 erumpentem
2027 2491 2121 2584 iacit,

438 2647 518 2696 enm
544 2622 573 2692 is
595 2618 639 2694 de
661 2617 885 2692 interimenda
913 2627 1022 2692 matre
1051 2615 1176 2690 dubins
1202 2617 1342 2694 tratrem
1368 2615 1663 2718 Amphilochum,
1690 2632 1852 2719 tanquam
1883 2619 2026 2694 Orestes
2051 2622 2120 2720 1³,-

438 2751 541 2826 lsden
562 2776 684 2841 sunm,
712 2751 1044 2848 appropinquantem
1067 2751 1314 2847 conspexisset.
1694 2733 1698 2742 ¹

550 2880 621 2954 llis
638 2891 814 2976 utcunque
835 2878 1023 2978 profligatis
1044 2877 1089 2952 ad
1113 2877 1232 2952 ultima
1256 2877 1517 2980 progredimur,
1543 2877 1670 2978 quibus
1691 2881 1951 2980 originationem
1977 2883 2123 2954 nominis

436 3011 754 3086 Saturniorum
779 3033 822 3082 ex
849 3008 1061 3084 diversorum
1082 3008 1394 3084 Grammaticorum
1423 3011 1598 3084 sententiis
1622 3010 1823 3110 complexus
1845 3023 1898 3084 est
1927 3010 2118 3086 Charisius.

435 3138 606 3216 Resident
631 3141 666 3210 in
688 3135 801 3210 verlris
823 3140 907 3236 ipsis
930 3143 1030 3214 naevi
1048 3139 1207 3241 qnidam:
1242 3153 1390 3216 mentem
1416 3143 1592 3238 scriptoris
1610 3139 1710 3214 nobis
1736 3140 1891 3214 videmos
1914 3144 2115 3240 percepisse.

435 3269 586 3369 Scripsit
609 3270 714 3368 igitur
740 3266 940 3363 Charisius,
965 3271 1003 3342 in
1028 3283 1194 3368 qnantum
1225 3297 1288 3346 nos
1317 3269 1561 3367 intelligimus,
1590 3267 1696 3344 haec:

405 3447 408 3454 ,
507 3399 576 3474 IV.
601 3399 682 3474 Hor
711 3397 901 3474 Saturnios
930 3399 1097 3474 marulli
1126 3413 1267 3476 meam
1299 3401 1519 3492 existirnaut,
1553 3402 1612 3474 ael
1639 3401 1735 3503 qaod
1764 3402 1840 3474 eius
1863 3401 2024 3500 temporis
2054 3403 2117 3472 im·

600 3531 711 3629 periri
733 3530 851 3604 adhuc
880 3531 1045 3606 mortales
1067 3530 1270 3606 Ιιιιίιιιιιιοιίἰ
1292 3556 1410 3602 omens
1434 3555 1496 3602 cus
1519 3532 1601 3604 cide
1621 3581 1661 3602 ..
1691 3541 1815 3604 rantur
1834 3530 2047 3630 (Saturnusl
2065 3556 2121 3604 ss·

601 3657 738 3758 carust)
770 3687 852 3734 saar
882 3659 939 3760 (7)
980 3711 1178 3734 .......
1213 3660 1415 3750 clmirseart,
1448 3657 1508 3730 vel
1537 3660 1662 3760 quibus
1683 3659 1721 3760 (7
1720 3659 1788 3759 )†
1818 3685 1934 3759 prorsa
1968 3673 2122 3760 tempore

599 3788 639 3860 ιἰι
667 3788 844 3861 udaie..
862 3791 957 3864 .cis
982 3789 1195 3864 solemnibus
1223 3792 1347 3864 diebus
1375 3790 1579 3884 cecinisset,
1608 3789 1668 3862 vel
1689 3791 1786 3892 quad
1807 3793 1931 3866 eodem
1956 3791 2120 3893 defuneto

606 3911 826 4002 α’ποθέὼσις
851 3918 922 3994 ltac
945 3920 1100 3998 dictione
1122 3912 1169 3996 at
1199 3919 1396 4016 celebrata,
1429 3921 1529 3995 caius
1555 3919 1751 4019 exemplatur
1778 3919 1896 3994 adlice
1928 3920 2053 4021 ligneis
2074 3921 2119 3992 Ιί-

602 4047 674 4120 lrris
697 4052 883 4149 reperitur.

433 4181 532 4256 luter
551 4187 621 4254 tres
635 4175 969 4275 Grammaticus,
940 4207 971 4256 ιι
989 4192 1084 4256 recte
1105 4185 1292 4276 sent‘nnns,
1320 4181 1562 4258 Saturnionrm
1583 4181 1826 4280 originationes
1850 4182 2024 4280 optionem
2047 4180 2116 4254 dat.

433 4309 512 4386 Aut
537 4310 628 4383 enim
651 4307 732 4382 inde
752 4336 878 4385 nomen
905 4315 1102 4411 accepisse,
1132 4311 1226 4412 qnod
1247 4313 1382 4410 pristini
1412 4309 1575 4384 mortales
1598 4322 1632 4386 et
1661 4311 1814 4386 Saturno
1842 4335 1922 4408 rege
1950 4313 2022 4384 nati
2050 4309 2119 4384 lm·

433 4439 581 4516 iusmodi
601 4465 720 4516 versas
748 4440 886 4514 condita
911 4453 991 4540 post
1007 4443 1178 4516 frumento
1202 4441 1334 4518 lusibus
1356 4439 1462 4516 dediti
1487 4439 1542 4516 his
1563 4439 1708 4517 vocilius
1732 4441 1917 4516 eluserint:
1947 4438 2117 4530 Satanae,
2247 4479 2248 4529 r

433 4567 611 4664 summe,
643 4581 702 4643 aut
726 4569 820 4668 quod
844 4572 919 4668 ipse
941 4570 1114 4646 Saturnus
1134 4573 1230 4649 sestis
1248 4571 1368 4648 diebm
1393 4573 1474 4648 talia
1493 4572 1676 4667 cecinerit,
1701 4583 1761 4646 sat
1785 4570 1932 4670 denique
1946 4569 2040 4670 quod
2059 4581 2119 4644 en·

434 4699 514 4783 dem
540 4698 705 4775 defuneto
730 4713 767 4774 et
796 4703 833 4776 in
860 4711 996 4774 coetum
1020 4700 1163 4778 deorum
1199 4705 1309 4778 ascito
1341 4699 1560 4786 ἀποθέωιις
1591 4699 1659 4776 lrsc
1693 4700 1843 4776 dictione
1868 4703 1913 4776 sit
1932 4697 2116 4774 celebrata.

433 4831 476 4902 lu
499 4829 605 4903 altera
636 4831 861 4929 originatioue
886 4829 1030 4916 fortasse
1056 4833 1137 4910 licet
1165 4833 1308 4911 ulterius
1336 4836 1528 4934 progressis
1562 4843 1708 4908 mentem
1743 4830 1894 4906 Glrarisii
1923 4832 2120 4904 secuntias
2246 4911 2247 4935 ¹

433 4959 587 5036 delinire.
641 4957 772 5048 lllirnm
793 4962 906 5056 enim,
933 4963 970 5034 ni
990 4962 1075 5040 haec
1090 4964 1278 5040 litterarum
1294 4965 1483 5040 elementa:
1514 4965 1552 5036 ιἰι
1572 4961 1660 5038 adal
1685 5015 1825 5038 .....
1854 4963 1906 5036 eir
1918 4960 1963 5034 ad
1985 4959 2119 5058 Opalia
