4544 5844
966 451 1033 542 tl

153 686 263 780 puoto
291 683 327 746 et
357 667 483 744 timido
515 673 610 738 recte
640 657 827 753 labmant,
865 657 908 733 de
921 669 1031 760 'patre
1058 657 1184 758 aliqno'
1205 655 1312 731 liliam
1343 679 1451 730 auam·
1474 655 1702 758 compellante
1732 679 1845 755 sermo

153 816 259 880 esset.
292 831 299 872 ·.
320 802 463 877 Scimus
494 806 630 889 autem,
665 789 757 866 Attii
785 787 939 864 fabulam
967 789 1011 864 de
1043 791 1246 890 cognomine
1275 787 1461 888 Sophoclis
1493 813 1693 890 expressam
1723 791 1843 885 fuisse,

154 945 295 1010 auctore
319 932 489 1007 Cicerone
514 925 599 1024 opt.
625 919 718 998 Gen.
742 921 809 996 0r.
830 922 899 998 vl.
952 921 1055 996 Unde
1081 923 1260 1022 proiectus
1284 920 1555 996 Welclrerns
1579 934 1713 1016 noster,
1743 947 1846 1022 quem

152 1067 297 1142 honoris
320 1084 443 1136 musca
468 1058 703 1148 nominamus,
731 1055 768 1126 in
790 1052 970 1154 praeclaro
991 1075 1115 1153 opere,
1143 1078 1215 1153 qno
1240 1055 1393 1127 omniurn
1419 1049 1613 1126 fabularum
1638 1055 1848 1154 tragicorum

150 1203 362 1298 argumenta
396 1189 590 1265 felicissime
622 1182 861 1277 adumbravit,
906 1184 946 1276 1,
978 1209 1015 1284 p.
1038 1179 1120 1256 269
1138 1205 1242 1283 sqq.‚
1287 1185 1491 1282 comparatis
1522 1185 1701 1283 utriusque
1727 1183 1872 1282 poetae'

153 1323 362 1426 fragmentis
394 1317 608 1409 fabularum,
656 1339 803 1414 quarm
837 1311 982 1387 alterum
1015 1314 1124 1388 inisse
1153 1313 1302 1388 titolum
1323 1305 1500 1414 Eriphyle
1532 1314 1640 1388 sumac
1672 1312 1849 1388 commode

157 1455 300 1546 statuit,
337 1455 372 1524 in
402 1449 457 1523 lais
485 1445 672 1548 tragoediis
701 1470 821 1518 necem
852 1446 972 1518 matris
996 1443 1232 1544 Eriphylaca
1261 1443 1333 1518 lilio
1359 1441 1573 1519 Alcmaeone
1605 1470 1649 1518 ex
1677 1443 1849 1518 mandatio

156 1587 267 1686 patris
301 1605 474 1678 suasoque
510 1591 545 1653 et
582 1577 720 1651 nomam
754 1573 931 1674 Apollinis
966 1573 1131 1674 Delphici
1166 1587 1381 1674 perpetratae
1417 1575 1523 1650 fuisse
1562 1585 1849 1673 repraesentatam

159 1712 320 1789 defendit.
375 1711 476 1784 llaec
497 1711 527 1782 si
552 1733 634 1781 vcra
653 1715 755 1796 sunt,
785 1705 864 1804 quis
889 1705 1026 1780 tandem
1047 1717 1161 1778 natam
1182 1731 1280 1780 suam
1305 1731 1368 1805 per
1387 1705 1481 1778 illins
1503 1703 1642 1780 fabulae
1661 1705 1848 1779 decursum

154 1843 286 1943 ulloqui
319 1842 488 1940 potuerit,
527 1859 630 1937 repro
654 1835 796 1909 efficias.
861 1833 1001 1932 Quare,
1040 1835 1150 1912 donec
1175 1833 1317 1910 meliora
1345 1835 1554 1930 doccantur,
1592 1839 1752 1911 vitiosam
1780 1836 1850 1910 loci

154 1975 364 2074 scripturam
393 1972 441 2042 ita
471 1965 714 2042 emendamus:

327 2101 425 2196 Quid
453 2100 560 2190 citor,
593 2107 700 2196 pacto
725 2097 777 2168 mi
803 2147 1187 2171 ..........
1217 2096 1377 2171 timidone
1405 2123 1459 2171 me
1484 2108 1573 2173 tecto
1600 2100 1728 2172 cxcica.
1791 2115 1793 2122 ’

59 2243 65 2256 “
158 2233 210 2307 llt
233 2229 320 2305 lracc
342 2228 447 2302 verba
475 2225 616 2302 mdccnt
639 2225 683 2298 ad
709 2224 915 2327 Eriphylam
940 2225 984 2300 ab
1009 2223 1223 2301 Alcmaeone
1249 2225 1344 2301 ieras
1376 2239 1546 2302 vocatam.
1600 2224 1849 2302 Alcmaeonem

160 2389 239 2436 oum
262 2373 368 2434 matre
390 2359 611 2432 altercantem
632 2355 869 2430 introduxerat
891 2355 1100 2456 Sophocles,
1129 2384 1164 2430 v.
1185 2357 1410 2434 Welclrer.
1437 2358 1463 2430 l.
1484 2383 1518 2433 c.
1547 2385 1584 2458 p.
1599 2354 1695 2432 275.
1748 2355 1851 2431 Haec

159 2491 446 2586 oiconcesseric,
480 2485 684 2561 habebimus
717 2511 786 2586 quo
816 2488 1008 2561 referamus
1032 2485 1196 2562 Attianae
1228 2487 1367 2562 subolae
1392 2487 1633 2590 [fragmentum
1661 2484 1726 2562 10.
1759 2487 1852 2588 apud

58 2657 66 2668 ·
159 2621 394 2714 Bothium,
437 2629 609 2694 servatum
642 2616 679 2690 id
711 2641 731 2688 a
763 2617 879 2692 Nonio
910 2644 941 2692 s.
972 2645 1007 2691 v.
1047 2631 1272 2718 expectorcrc
1305 2645 1343 2718 p.
1369 2615 1439 2714 16,
1465 2617 1506 2693 5.
1543 2619 1696 2694 Meroen.
1731 2617 1853 2694 Attius

163 2752 353 2854 Epipouo:
1298 2741 1302 2762 ’

328 2879 510 2980 Eloquere
534 2901 686 2976 propere
715 2903 758 2950 oc
786 2903 954 2977 pavorem
985 2879 1080 2952 douc
1106 2901 1219 2952 morra
1247 2891 1447 2978 capaciora.

164 3011 266 3106 Quae
285 3009 455 3109 Eriphyla
475 3007 687 3083 Charisianis
711 3007 780 3082 illis
802 3011 839 3081 in
866 3033 1001 3082 summo
1026 3034 1152 3108 pavore
1178 3011 1296 3084 effusis
1318 3011 1433 3084 stetim
1456 3008 1665 3110 subiungere
1688 3011 1850 3109 potuerit.

164 3141 294 3218 Paullo
318 3141 417 3214 aliter
440 3137 710 3214 Welclrerus
739 3163 776 3236 p.
792 3135 913 3231 275„
947 3141 1007 3238 qui
1032 3138 1256 3214 Alcmaeonis
1283 3139 1389 3214 verba
1416 3137 1462 3213 ad
1486 3135 1761 3240 Amphiloclrnm
1787 3135 1854 3214 sibi

165 3296 352 3374 agnoscere
376 3267 568 3343 videbator.
629 3267 709 3340 Erit
732 3270 793 3368 qui
821 3267 1010 3342 litterarum
1033 3269 1174 3343 lacinias
1197 3269 1290 3369 apud
1310 3270 1507 3347 Clrnrisium
1528 3273 1743 3368 maximeque
1767 3267 1855 3343 illud

162 3413 288 3502 erpctc
319 3402 434 3500 iprum
464 3399 562 3472 illum
596 3423 736 3472 versum
770 3411 963 3475 monstrare
994 3403 1173 3476 coniectet.
1246 3400 1320 3476 Sed
1351 3403 1483 3475 etiamsi
1519 3401 1689 3498 scriptura
1724 3397 1854 3473 codicia

11 3619 12 3632 χ
169 3531 369 3604 difficillima
392 3527 451 3602 hic
475 3529 548 3602 illic
569 3530 655 3602 mire
676 3527 860 3626 depravata
884 3542 956 3623 est,
982 3529 1088 3606 veluti
1108 3533 1221 3605 statim
1246 3542 1327 3630 post
1347 3529 1441 3631 qaod
1462 3555 1576 3629 parrae
1598 3553 1673 3604 csse
1693 3527 1853 3622 debebat,

167 3661 270 3761 pmi
287 3663 452 3760 scriptum
474 3671 526 3734 cst
537 3709 552 3753 ,
575 3657 667 3733 lnenc
687 3670 802 3732 tamen
828 3659 938 3760 legam
961 3665 1179 3756 sanciamus,
1207 3688 1252 3736 ne
1275 3663 1355 3762 quis
1380 3661 1489 3735 aleam
1507 3659 1771 3735 coniecturalem
1792 3685 1855 3732 au·

167 3790 289 3866 &dns
313 3789 422 3864 ludat.
475 3787 572 3881 Quid
594 3791 640 3888 ⁴in
672 3787 796 3862 lacuna
829 3793 995 3888 scriptum
1021 3793 1146 3886 suerit,
1186 3791 1344 3892 Oedipus
1375 3793 1501 3893 aliquis
1526 3793 1706 3866 conterret.
1774 3791 1857 3866 Hoc

168 3921 348 4015 videmus,
382 3945 519 3995 versum
551 3915 643 3993 Attii
672 3921 800 4017 pariter
825 3941 867 3992 ac
900 3919 1023 3993 Laevii
1057 3921 1200 3994 alteram
1227 3925 1421 4022 ingressum
1447 3921 1609 3996 habuisse
1629 3947 1650 3994 a
1672 3921 1748 3997 basi
1777 3947 1856 3996 cum

168 4054 354 4146 anacruei,
379 4049 594 4148 eundemque
617 4049 825 4150 logaoedicis
847 4053 999 4123 numeris
1023 4051 1131 4125 inisse
1149 4054 1383 4126 terminatum.

169 4241 172 4248 .
281 4181 441 4256 Tandem
464 4178 651 4278 aliquando
670 4183 708 4252 in
733 4181 849 4256 locam
874 4181 1063 4280 planiorem
1090 4183 1177 4255 enisi
1205 4203 1347 4274 snmus,⁴
1375 4181 1436 4257 sed
1461 4195 1500 4256 ut
1524 4207 1644 4256 rursus
1672 4177 1856 4254 dubitatio-

11 4367 13 4382 ,
169 4339 254 4388 num
275 4314 374 4412 quasi
396 4311 523 4386 linctus
547 4307 760 4420 oboriantpr.
812 4311 954 4386 laeviter
969 4325 1129 4413 corrupta
1153 4325 1235 4387 sunt
1256 4315 1370 4412 priora
1395 4311 1726 4410 alterinsjexempli,
1754 4309 1857 4386 facilc

169 4441 231 4516 illn
251 4439 402 4516 Noniani
425 4441 609 4516 testimonii
633 4439 760 4514 anxilio
784 4441 1070 4544 redintegrandc3
1098 4445 1282 4518 novissima
1306 4445 1364 4518 rel
1387 4444 1491 4545 plane
1509 4444 1688 4544 desperata
1711 4443 1768 4518 rel
1792 4441 1856 4518 du·

170 4569 242 4648 loia.
297 4569 399 4665 Quae
421 4597 486 4646 nor
511 4597 630 4646 eruere
655 4573 854 4670 potuimus,
880 4573 967 4648 haec
988 4587 1089 4648 sunt:

339 4699 418 4776 Sed
448 4702 520 4773 iam
547 4700 826 4802 Amphiloclam
858 4703 927 4778 duc
964 4707 1094 4781 eadere
1125 4701 1229 4780 cerac
1262 4717 1297 4780 ct
1328 4708 1431 4782 ociis
1467 4707 1574 4780 datr
1612 4705 1705 4781 donc
1743 4729 1857 4806 porro

171 4881 175 4893 .
347 4886 350 4894 γ
423 4829 591 4934 loquendi
614 4835 652 4907 io
676 4845 810 4936 tempor
863 4881 1471 4911 ..........
1526 4837 1678 4912 cloiam.

172 4986 175 4994 ⁴
285 4976 1734 5058 —Lwa-aLw-ffi-lussw-w--Luu·····w?-
