4544 5844
140 677 249 752 euque
276 651 389 728 verior
413 647 551 722 videtur
575 667 721 738 ceum,
746 642 783 714 iu
805 635 952 714 eundem
976 636 1029 710 illi
1048 661 1199 710 errorem
1221 633 1420 710 inciderunt
1438 661 1541 736 quern
1565 635 1778 730 lunellius,
1798 647 1842 712 ut

140 807 267 856 nomeu
299 780 434 856 Sancti·
453 771 662 852 Columbini
690 795 826 846 summo
852 767 938 843 lolio
970 769 1203 866 perscriptum
1226 769 1264 840 in
1294 793 1371 842 cem
1397 779 1527 866 purtem
1560 769 1839 868 reciperent,ci

142 925 181 986 nt
202 913 410 1012 opusculum
434 905 523 980 illud
546 901 790 978 riudicundum
815 923 881 975 uec
904 900 1093 999 quicqum
1115 922 1196 972 cum
1211 895 1372 972 Cbsrisio
1395 921 1578 973 commune
1601 898 1730 974 bebere
1748 899 1839 974 iudi·

28 1009 41 1038 ⁹
141 1056 272 1118 errem.
326 1041 396 1115 Cui
420 1037 605 1112 sententies
631 1045 767 1134 praeter
791 1029 998 1104 hnucllium
1022 1019 1236 1102 defensorem
1259 1039 1418 1102 sumtum
1447 1031 1524 1104 esse
1549 1029 1750 1118 Munium
1772 1055 1841 1104 nos

139 1173 263 1249 docuit
284 1169 504 1272 Angelum
533 1162 783 1240 Antonium
811 1160 1045 1254 Scottum,
1080 1159 1369 1258 Neapolitanum,
1408 1162 1469 1258 qui
1503 1159 1648 1234 ediderit
1681 1159 1838 1236 libellum

140 1305 195 1377 sic
216 1304 445 1402 inscriptum:
482 1297 665 1374 Memoria
697 1319 806 1392 sopra
842 1317 892 1364 un
925 1291 1048 1365 codice
1080 1289 1318 1389 Palimpsestc
1356 1291 1456 1366 dcllc
1488 1291 1589 1366 lleul
1609 1291 1841 1368 Bibliotheca

19 1469 21 1524 p
139 1433 364 1506 Borbonicc.
414 1431 522 1504 Istum
548 1451 633 1502 vero
657 1424 916 1523 inscriptionem
949 1419 1114 1496 aliorsum
1146 1433 1303 1520 spectme
1330 1425 1368 1496 'et
1391 1421 1562 1496 lsnncllic
1594 1421 1749 1498 subolnit
1772 1450 1838 1498 nec

19 1543 20 1614 ἶ
139 1563 317 1662 proeteriit
347 1561 571 1634 Nmrnunrurr.
631 1556 723 1630 Nom
756 1551 851 1652 quod
882 1549 1074 1626 lennellius
1105 1549 1212 1624 verbu
1248 1553 1324 1650 ipsu
1361 1554 1469 1652 priori
1500 1557 1712 1651 scotomiae,
1747 1581 1838 1656 quse

19 1739 20 1770 t
140 1693 308 1768 Ssuctum
340 1689 600 1765 Columbinum
633 1696 809 1760 auctorem
841 1682 945 1776 iecit,
979 1681 1096 1754 iuvere
1127 1679 1355 1780 opinabitur,
1382 1683 1419 1754 id
1446 1695 1567 1757 contre
1599 1695 1665 1758 cst.
1725 1685 1849 1760 Nemo.

139 1826 232 1896 cuim
275 1847 430 1922 unquam
471 1819 528 1894 rel
567 1818 716 1916 scriptor
753 1812 811 1888 nel
838 1811 1002 1886 librarius
1041 1814 1193 1886 auctoris
1236 1811 1524 1911 significationem
1556 1839 1599 1890 eo
1639 1813 1744 1891 modo
1777 1841 1837 1891 ex·

138 1951 239 2048 tulit3
279 1975 518 2052 possessorum
549 1949 596 2020 itu
626 1945 752 2021 solent.
820 1943 904 2018 Non
939 1939 1161 2043 urgebimus,
1201 1965 1305 2042 quem
1340 1944 1387 2018 sit
1416 1943 1640 2040 incredibile,
1663 1959 1837 2022 'mncmm

137 2083 316 2158 bominem
340 2095 410 2154 tem
436 2077 630 2154 munditie
654 2074 857 2152 eruditionis
884 2074 1023 2174 plenum
1050 2073 1093 2148 de
1111 2099 1211 2148 versu
1233 2072 1399 2148 obstruso
1416 2075 1734 2152 commentariolum
1750 2081 1836 2154 scri·

140 2211 225 2285 bere
250 2211 306 2285 vel
324 2213 478 2310 potuisse
502 2209 559 2284 vel
584 2207 750 2283 voluisse.
804 2207 888 2280 Hoc
907 2207 1015 2306 igitur
1040 2202 1254 2297 tenebimus,
1282 2202 1391 2278 luisse
1414 2203 1568 2280 codicem
1595 2206 1752 2282 coenobii
1772 2209 1836 2282 uli·

141 2345 240 2416 cuius
266 2341 391 2416 Sancti
414 2337 638 2415 Columbini.
691 2337 768 2412 Nec
792 2335 828 2410 id
853 2336 958 2435 longe
982 2333 1228 2433 quaerendum.
1292 2333 1390 2427 Quid
1414 2337 1506 2408 enim
1531 2333 1666 2432 obstet,
1702 2341 1837 2436 quomi-

138 2497 208 2545 nus
234 2472 278 2546 de
302 2472 606 2571 fumigemtissimo
629 2467 689 2542 illo
712 2466 879 2542 Bobiunsi
901 2464 1115 2565 cogitemus?
1155 2457 1265 2538 Cuius
1282 2477 1426 2538 cunctos
1441 2489 1550 2564 poene
1566 2467 1843 2566 codicesostenq

138 2599 221 2676 dere
245 2600 338 2676 bunc
360 2603 619 2700 inscriptionem
644 2599 758 2674 Liber
782 2597 826 2672 S.
855 2596 1072 2671 Culumbcni
1084 2595 1135 2668 ‚dc
1154 2595 1275 2668 Bobio
1298 2607 1431 2668 uetusto
1452 2623 1557 2671 menn
1583 2597 1713 2672 silitum
1729 2613 1836 2676 testes

137 2730 307 2806 hebemus
330 2741 409 2803 cum
431 2731 609 2804 ilicetum
634 2725 686 2804 Α.
708 2727 874 2804 binium
897 2725 1115 2802 Pmeiutione
1130 2723 1294 2798 Ciceron.
1311 2722 1461 2825 deRep.
1483 2753 1521 2826 p.
1541 2725 1667 2802 XLII.
1696 2731 1832 2806 Moser.

140 2861 220 2934 Nec
245 2859 280 2934 id
300 2860 529 2959 explicatione
553 2870 670 2952 erret,
695 2857 790 2958 quod
815 2857 895 2932 locu
920 2883 990 2931 non
1015 2879 1080 2932 suo
1103 2855 1208 2931 verbe
1240 2857 1305 2930 ists
1336 2858 1487 2956 ascripto
1518 2871 1612 2934 sunt.
1673 2861 1835 2964 Denique

141 3015 279 3064 omnem
303 2990 347 3064 de
371 2989 532 3064 Charisio
553 3001 693 3064 uectore
722 2987 970 3062 dubitationem
991 2988 1110 3060 eximit
1133 2997 1294 3060 accuratu
1315 2989 1526 3086 computatio
1551 2991 1747 3089 Nmrnmn,
1773 2997 1841 3096 qui

139 3121 177 3192 in
192 3119 316 3194 litteris
337 3118 381 3192 ad
398 3117 676 3192 Lindemannum
691 3118 781 3192 detis
795 3120 920 3194 Bonus
936 3117 992 3192 die
1007 3116 1152 3192 XXIV.
1170 3118 1300 3190 mensis
1318 3112 1473 3219 Augusti
1489 3119 1832 3200 MDCCCXXVH.

139 3247 228 3322 boec
254 3247 435 3343 disseruit,
470 3249 543 3322 vid.
571 3248 803 3322 Lindemanni
832 3247 989 3322 Praeiut.
1018 3275 1056 3348 p.
1073 3247 1143 3320 XI.
1186 3247 1277 3321 “Es
1312 3248 1391 3322 sind
1419 3249 1620 3326 verbanden
1651 3251 1714 3326 der
1744 3269 1835 3331 ceste

139 3377 194 3452 bis
218 3377 321 3454 dritte
346 3379 562 3473 thernio,
590 3379 730 3454 numni
750 3376 806 3452 die
830 3379 904 3452 drei
929 3391 1047 3452 ersten
1083 3377 1228 3468 Bbcber
1259 3379 1332 3452 und
1366 3378 1428 3454 dus
1460 3383 1567 3454 niente
1592 3385 1709 3458 soneit
1733 3409 1771 3458 es
1796 3389 1834 3460 iu

140 3505 209 3586 deu
230 3505 423 3611 Ausgrben
448 3509 554 3586 stebt.
612 3511 689 3586 Der
713 3509 811 3584 'litei
836 3512 881 3583 de
906 3509 1055 3584 lectione
1079 3507 1188 3604 stebt,
1215 3509 1268 3588 uls
1292 3521 1430 3606 custus,
1457 3523 1563 3585 untcn
1588 3513 1655 3586 sul*
1672 3513 1734 3588 der
1753 3515 1838 3591 ten.

138 3649 199 3711 teu
224 3637 320 3713 Seite
344 3639 408 3715 des
433 3641 563 3716 dn'tlcn
582 3639 790 3735 Qusteruio.
845 3641 938 3717 Vom
967 3639 1098 3715 viertcu
1124 3638 1319 3733 theruio
1346 3639 1425 3714 sind
1453 3641 1535 3716 unci
1568 3643 1835 3746 Doppelblittter

139 3915 283 3984 derivate
312 3941 395 3984 esse.
451 3917 528 3987 Duo
557 3933 714 3988 memoret
741 3921 921 3994 lennellins
952 3945 987 4015 p.
1006 3927 1064 4011 9.,
1093 3923 1246 4016 insignite
1281 3926 1426 4030 numeris
1455 3923 1506 3992 lX
1527 3937 1560 3993 et
1580 3926 1627 3994 X.
1682 3929 1832 3996 Alterum

138 4041 224 4101 teste
239 4029 409 4098 brunellis
432 4045 561 4123 prester
584 4037 689 4104 libros
711 4035 855 4106 Cburisii
876 4039 1021 4108 continet
1041 4040 1077 4108 iu
1102 4039 1168 4107 line
1195 4040 1390 4108 “udnotuto
1410 4023 1576 4138 quadum
1599 4043 1640 4110 dc
1670 4040 1832 4114 &merto

139 4168 260 4229 uersu,
283 4147 377 4212 etde
395 4147 582 4236 llbytbrno,
603 4154 695 4220 etde
712 4155 846 4224 Mem.
873 4177 983 4244 pericu
1006 4167 1138 4238 comm,
1167 4164 1279 4245 utpote
1300 4157 1393 4252 'pune
1417 4158 1477 4222 uix
1511 4156 1642 4224 duobus
1670 4183 1732 4226 mcc
1751 4162 1833 4228 inte·

141 4261 211 4347 pris
230 4263 365 4352 popinis
387 4265 641 4348 contuerentur,
662 4278 695 4334 et
711 4269 867 4357 plurimis
889 4271 1021 4337 loconis
1051 4269 1182 4336 biuntiu
1208 4279 1239 4336 ct
1262 4293 1395 4336 muncu-
1439 4271 1571 4338 Auctor
1597 4275 1831 4362 incompertus,

142 4393 281 4468 cumque
300 4376 410 4444 adbuc
432 4381 470 4446 irs
491 4381 564 4468 ipsu
585 4381 737 4450 Patrobii
759 4381 893 4478 Syllopc
909 4385 1076 4476 offendas
1095 4408 1165 4453 uon
1186 4384 1339 4450 dutum.'’
1381 4381 1458 4450 Nou
1479 4385 1600 4452 vidisse
1621 4385 1838 4480 leuuellium,

141 4485 321 4576 fragmenta
344 4489 492 4560 illucere
515 4493 851 4590 Cberisieniopcrisl
895 4499 967 4566 Nos
995 4499 1025 4564 si
1046 4499 1087 4566 de
1111 4499 1174 4566 boc
1200 4498 1313 4566 codice
1346 4498 1409 4566 iem
1438 4523 1477 4566 eo
1500 4511 1644 4592 ternpore
1676 4502 1833 4572 certiores

138 4599 217 4668 lecti
237 4601 437 4690 fuissemus,
460 4631 535 4674 cum
558 4609 599 4676 sd
617 4609 828 4679 Muniusnuu'
850 4613 1056 4704 scripsimus,
1080 4623 1114 4678 nt
1134 4615 1197 4680 boc
1213 4597 1348 4704 unoque
1364 4616 1585 4705 epogrrpbum
1609 4615 1733 4684 saeculi
1751 4617 1829 4685 XV.

138 4715 346 4806 explores-et,
372 4743 590 4810 rogassemus.
633 4723 731 4793 Nunc
753 4725 1026 4794 Avellinium
1052 4729 1114 4794 boc
1147 4729 1287 4794 officium
1317 4727 1474 4794 bonerum
1508 4729 1688 4799 litterarum
1719 4757 1831 4800 crues·

138 4843 366 4920 suscepturum
400 4837 606 4904 conlidimur.
652 4839 806 4907 Ceterum
829 4841 982 4908 librarius
1008 4865 1082 4908 cunr
1112 4841 1222 4908 Sancti
1256 4841 1452 4910 Columbini
1483 4847 1682 4916 mentionem
1717 4847 1832 4915 lecerit

18 4943 24 4958 '
137 4945 290 5030 nullum,
316 4949 396 5040 quid
419 4952 461 5020 de
481 4952 591 5022 verbis
613 4953 682 5022 illis
705 4955 823 5024 veteris
843 4955 921 5024 libri
944 4956 1093 5024 stetuerit
1111 4955 1319 5026 menifestum
1343 4971 1403 5026 est.

1351 5062 1379 5137 2
