4544 5844
1241 419 1313 506 tu

425 629 499 708 Sed
519 629 602 704 linet
623 623 793 703 eiusmdi
816 617 1058 708 πολύπλοκα
1077 618 1202 730 μέτρα
1223 649 1245 696 a
1269 623 1392 698 Laevii
1418 625 1558 726 ingenio
1580 623 1675 700 haud
1692 625 1804 701 alicua
1830 623 1981 722 dixerit,
2012 640 2122 704 umen

425 765 485 836 vix
505 761 722 862 reperimus,
747 783 818 860 quo
840 757 987 830 artificio
1016 757 1258 856 pteryqiormn
1283 779 1404 830 vocem
1440 781 1520 829 cum
1556 758 1622 830 ista
1656 761 1853 833 coniectura
1882 759 2122 834 conciliemus.

423 894 500 968 Nec
526 918 692 994 quorsum
719 888 824 964 verba
846 889 961 996 soient
976 912 1049 961 cccc
1067 897 1222 986 spectent
1246 898 1401 985 exputes.
1454 887 1581 960 Restat
1601 888 1724 987 igitur,
1752 890 1782 962 si
1803 899 1897 964 recte
1913 889 2124 984 iudicamus,

426 1049 537 1097 uuum
562 1021 651 1116 hnc,
680 1034 719 1094 ut
746 1013 950 1122 πτερύγιον
978 1019 1163 1092 terminum
1186 1015 1359 1115 quendam
1383 1014 1582 1090 tcchnicum
1615 1017 1722 1092 inisse
1760 1019 2014 1120 intelligamus,
2054 1043 2126 1120 quo

424 1165 542 1254 partes
568 1154 687 1226 nescio
712 1175 802 1249 quae
823 1151 1014 1222 carminum
1040 1147 1228 1248 lyricorum
1254 1145 1491 1222 ostendantur.
1552 1149 1722 1224 Profecto
1758 1153 1884 1224 mirum
1913 1150 2125 1250 reliquorum

425 1286 670 1384 magistrorum
693 1281 802 1356 altum
827 1281 1014 1356 silentium.
1067 1280 1174 1355 Varie
1199 1277 1340 1378 quidem
1366 1279 1420 1351 nis
1448 1277 1543 1351 iliius
1572 1281 1669 1353 vocis
1694 1291 1804 1354 tracta
1836 1292 1910 1374 est,
1946 1279 2026 1354 vide
2051 1281 2126 1354 He·

427 1413 590 1514 sychima
612 1438 645 1486 ι·
665 1439 701 1484 v·
741 1407 1017 1516 Πτερύγια·
1042 1407 1148 1516 μέρος
1170 1407 1208 1492 ri
1240 1413 1308 1490 τοῦ
1329 1407 1462 1513 ῥυμοῦ·
1486 1403 1554 1490 καὶ
1580 1416 1648 1491 τοῦ
1678 1407 1879 1511 πνεύμονος
1913 1417 1983 1494 rad
2007 1409 2128 1508 λοβοῦ

426 1541 482 1626 τοὶ
507 1538 630 1649 ἄκρα·
659 1539 728 1625 nni
755 1549 825 1625 τοῦ
851 1537 942 1624 ciris
966 1539 1009 1623 sd
1038 1538 1138 1622 dvo·
1170 1534 1238 1622 ani
1261 1535 1389 1642 ξίφους
1417 1536 1471 1620 rai
1490 1533 1807 1645 ἑκατέρωθει·ιῐ
1840 1541 1894 1624 roi
1921 1536 2027 1647 ἄκρα
2052 1548 2128 1625 τῶν

401 1672 596 1776 'inaniora
652 1673 751 1748 Idem
773 1701 805 1748 s.
826 1699 861 1748 v.
886 1666 1172 1777 Πτερύγιιι·
1198 1665 1445 1775 αἰιρωτιὶριιν,
1470 1666 1628 1775 πτέρυξ.
1677 1673 1818 1746 Rursus
1852 1673 2126 1778 Πτέρυγες·

371 1787 374 1794 ’
426 1849 477 1866 -
501 1805 608 1911 μέρος
629 1811 804 1904 χιτῶνος,
830 1804 884 1889 rui
902 1804 988 1908 napi
1010 1801 1065 1886 roi
1088 1792 1295 1908 κράσπεδα.
1346 1799 1438 1876 Vide
1472 1801 1592 1900 lutpp.
1620 1812 1655 1874 et
1675 1801 1713 1874 h.
1737 1802 1764 1875 l.
1787 1815 1823 1876 st
1843 1829 1873 1876 s·
1900 1831 1936 1878 v·
1973 1807 2125 1888 Θεττα-

426 1937 541 2019 λικαὶ
570 1935 769 2042 πτέρυγες.
826 1936 1038 2035 Quanquam
1068 1936 1098 2006 si
1122 1928 1311 2037 πτερύγια
1339 1929 1509 2007 sonabant
1531 1930 1585 2013 rai
1616 1926 1739 2036 ἄκρα,
1764 1959 1886 2008 rursus
1919 1933 2007 2008 haec
2038 1963 2126 2035 quaa

426 2067 566 2142 tandm
590 2067 775 2161 dicantur,
802 2079 837 2140 et
862 2069 977 2166 ipsum
1003 2063 1258 2139 tenebricosum
1284 2074 1357 2155 cst,
1391 2087 1471 2136 oum
1496 2065 1695 2161 praesertim
1722 2066 1851 2136 summi
1883 2076 1918 2137 ct
1947 2079 2124 2166 comtes

426 2199 669 2300 pteryqiorurn
692 2223 837 2270 numero
862 2196 989 2297 pedum
1009 2195 1276 2295 distinguantur.
1331 2194 1432 2266 Haeo
1451 2193 1510 2266 vix
1532 2194 1716 2293 quisquam
1747 2195 1782 2265 in
1803 2193 1896 2266 ciana
1914 2194 1992 2270 luce
2006 2212 2125 2296 ponat,

426 2333 495 2404 uisi
520 2332 602 2405 novi
626 2329 738 2404 fontes
766 2331 976 2429 aperiantur.
1046 2327 1186 2400 Etenim
1215 2327 1252 2398 in
1280 2327 1325 2398 iis
1358 2349 1447 2425 quac
1472 2325 1555 2398 sciri
1572 2335 1772 2424 nequeunt,
1801 2325 2001 2401 tantundem
2032 2333 2126 2428 sapi·

428 2488 506 2536 mus
532 2487 666 2536 omnes.

540 2591 615 2667 Sed
644 2594 676 2665 si
702 2589 804 2664 modo
838 2589 898 2664 iiia
930 2591 1097 2663 sententia
1130 2587 1278 2690 aliquam
1310 2585 1460 2685 speciem
1489 2583 1741 2685 probabilitatis
1775 2583 1901 2680 hahet,
1937 2589 2123 2664 demuto

427 2721 591 2796 videntur
612 2721 851 2821 supplementa
880 2720 1024 2795 lacunae
1046 2746 1066 2793 a
1088 2719 1272 2795 Monstras
1296 2717 1340 2790 ad
1363 2719 1550 2818 marginem
1579 2716 1770 2818 apographi
1792 2721 1901 2790 nostri
1921 2733 2057 2795 notatu:
2087 2726 2125 2796 in

425 2854 590 2954 pteryqio
622 2853 808 2953 phoenicia
844 2851 1017 2954 Laenio
1049 2852 1087 2922 ιἰι
1110 2850 1287 2948 principio
1318 2845 1475 2949 pri]mne
1509 2848 1595 2920 odes
1626 2847 1931 2948 Erotopuequion.
2000 2848 2127 2952 Aeque

427 2982 630 3083 ambignum
648 2994 721 3076 est,
749 3007 834 3055 num
855 2983 1034 3081 principio
1058 2982 1196 3080 primae
1224 2981 1308 3052 odes
1333 3003 1413 3052 cnm
1437 2978 1599 3077 pteryqio
1624 2978 1734 3050 amice
1751 2989 1861 3051 coeat.
1915 2978 2126 3082 Quanquam

428 3137 507 3188 num
530 3113 687 3212 pteryqii
710 3111 918 3211 significatio
943 3112 1208 3211 haudquaquam
1234 3109 1381 3202 clareat,
1407 3132 1464 3180 res
1484 3108 1521 3180 in
1547 3107 1660 3182 medio
1682 3105 1908 3208 relinquenda
1929 3123 1994 3182 est.
2036 3113 2122 3186 Cer·

427 3245 499 3318 tius
524 3241 660 3316 videtur
684 3241 848 3314 affirmari
876 3207 1009 3340 possc‚'
1023 3245 1161 3341 primae
1184 3255 1282 3314 necte
1305 3240 1502 3312 restitutum
1528 3263 1616 3311 esse.
1676 3237 1769 3310 Nam
1802 3239 1832 3310 si
1856 3235 1950 3310 aliud
1973 3239 2124 3338 quodvis

431 3399 571 3450 carmen
609 3376 750 3448 uitasset
789 3371 1070 3466 Grammaticus,
1107 3383 1240 3470 praeter
1272 3367 1553 3443 consuetudinem
1594 3367 1808 3441 indicaturus
1841 3379 1915 3441 crat
1952 3369 2123 3465 ordinem,

428 3531 533 3605 quem
558 3503 595 3577 id
617 3506 655 3578 in
677 3504 767 3578 libro
794 3529 858 3578 suo
895 3515 1037 3578 teneret.
1091 3503 1211 3576 Primo
1234 3501 1311 3575 loco
1336 3501 1446 3599 posita
1465 3499 1617 3572 carmina
1640 3497 1828 3598 lyricorum
1850 3511 2028 3595 poetarum
2049 3527 2122 3574 sae·

284 3729 291 3740 p
428 3638 509 3734 pius
536 3634 741 3728 laudantur,
777 3647 816 3707 ut
847 3631 1095 3708 Anacreontis.
1162 3633 1295 3730 Nempe
1328 3631 1539 3726 praestantia
1569 3653 1633 3702 sua
1659 3629 1835 3702 enitentia.
1898 3628 1948 3702 Et
1979 3629 2123 3703 fortasse

426 3765 625 3839 Laeviauus
649 3763 811 3838 Phoenix
834 3775 975 3861 propter
991 3761 1166 3861 singulare
1186 3763 1284 3834 metri
1308 3759 1638 3861 genuszprimarium
1654 3756 1772 3832 locum
1791 3757 1859 3832 sibi
1874 3759 2120 3834 vindicaverat.

542 3895 609 4000 Est
633 3906 748 3968 autem
775 3919 838 3966 our
863 3892 907 3966 de
931 3865 1053 3966 danesii
1078 3891 1158 3966 loco
1182 3917 1226 3965 ex
1250 3891 1400 3966 tenebris
1431 3901 1608 3990 protracto
1633 3887 1733 3962 uobis
1759 3888 1985 3985 gratulemur.
2038 3890 2124 3964 Ete-

429 4027 501 4100 nim
527 4027 642 4124 poesis
667 4025 863 4099 Laevianae
896 4030 984 4098 ratio
1008 4023 1091 4096 licet
1116 4023 1308 4096 coniunctis
1337 4021 1526 4096 multorum
1550 4019 1674 4094 studiis
1706 4027 1741 4092 et
1771 4020 1931 4094 maxime
1956 4019 2125 4094 industria

429 4168 465 4232 et
488 4155 679 4232 eruditione
705 4152 756 4228 A.
785 4154 1046 4231 Wsicherti
1071 4194 1121 4210 -
1151 4154 1248 4228 cuius
1279 4152 1337 4227 De
1360 4151 1497 4226 Laevia
1517 4161 1625 4250 poeto
1648 4151 1952 4224 commentationes
1982 4173 2126 4223 mensae

429 4299 511 4364 sunt
542 4289 579 4360 in
604 4283 798 4359 Paetorum
830 4285 1043 4359 Latinorum
1077 4283 1198 4390 ltetq.
1233 4309 1271 4382 p.
1301 4277 1901 4357 19-88.-ctarioretnluce
1931 4279 2047 4376 posita
2063 4281 2124 4370 sit,

429 4418 536 4492 multa
564 4429 678 4492 tamen
704 4427 913 4514 supersunt,
950 4441 1039 4516 quae
1064 4414 1233 4515 hodieque
1259 4411 1459 4490 obscuriora
1489 4439 1567 4486 esse
1604 4413 1745 4486 fateare.
1799 4409 1848 4484 Et
1884 4407 2127 4484 Weicher·

281 4561 288 4574 '
428 4560 501 4624 tus
525 4548 665 4648 quidem
690 4573 727 4646 p.
746 4542 815 4617 40.
846 4545 1102 4620 Laevianorum
1126 4545 1407 4644 Erotopaegnion
1437 4541 1529 4616 hanc
1558 4543 1667 4616 fuisse
1701 4541 1967 4639 descriptionem
2001 4539 2126 4638 proha·

428 4678 546 4754 hiliter
582 4677 757 4777 disputat,
786 4687 825 4750 nt
855 4675 1014 4775 singulus
1043 4677 1191 4776 quisquc
1220 4676 1314 4752 iliius
1346 4677 1461 4774 operis
1492 4673 1581 4748 libor
1612 4671 1771 4772 syllogen
1795 4669 2000 4760 :breviorum
2031 4687 2127 4744 com·
2260 4655 2261 4686 ¹

429 4807 637 4910 plecteretur
658 4821 876 4904 poematum,
908 4831 998 4906 quae
1020 4807 1172 4882 Laevius
1200 4807 1295 4904 ipse,
1332 4831 1394 4877 seu
1419 4829 1536 4884 rerum
1568 4812 1791 4876 mactatarum
1818 4827 1880 4874 scu
1906 4825 2127 4874 numerorum
2260 4789 2261 4818 ³

430 4938 548 5016 hahita
571 4937 703 5013 ratione
714 4987 728 5032 ‚
756 4940 794 5012 in
812 4939 914 5012 unius
939 4941 1093 5040 corporis
1116 4939 1265 5038 speciem
1291 4937 1477 5008 coniuncta
1498 4932 1586 5006 tion·
1608 4934 1747 5008 nomine
1766 4935 1801 5004 in
1817 4929 1931 5004 iucem
1948 4929 2125 5006 edidisset.
